2190 4064
299 131 317 236 α’
351 110 729 208 '.,sn¹uiscxxi11.-
955 68 1023 213 ,Qi-
1079 182 1083 191 ·

65 291 190 373 teiiigas
206 262 697 375 sapientiam-atpatentism,qns
710 289 830 369 isidis,
851 268 1026 364 nihii-asie,

64 398 141 459 nihil
161 414 267 476 pesse,
288 395 342 458 sed
361 399 464 478 petius
486 415 603 459 noeere.
644 396 709 457 Non
731 395 811 474 qued
830 395 952 458 damnet
965 416 1026 461 ,sa--

62 504 211 584 pientiam
230 506 261 564 et
273 505 438 583 potentiam
452 504 544 577 Deus,
565 490 636 565 sunt
657 505 734 564 enim
754 502 833 563 dena
854 501 920 574 Dei,
934 521 1018 580 ¹quaa

63 609 306 682 dathsmimisus,
328 608 453 671 sedhoe'
466 610 596 683 damnat,
619 609 699 687 quod
719 610 852 669 homiues
865 608 1017 689 sapientes
1052 660 1055 665 .

63 720 96 777 et
114 692 257 796 putentes
271 714 386 776 fiducia
405 716 512 778 hesum
533 713 860 777 donorumexeludunt
879 712 977 774 Deum
996 714 1032 775 ι’

62 821 281 901 gubernatione
290 838 408 894 rerum,
429 824 461 882 et
480 823 538 902 ipsi
559 841 614 904 per
635 822 786 885 se‘nmnia
800 821 947 882 conantur'
967 836 1016 881 se·

56 942 145 1006 gere.
190 925 242 985 Sia
259 924 380 1003 iliceto,
415 925 527 1000 Julius,
552 928 666 989 Brutus
687 926 811 989 sensilia
830 924 1015 1005 reipublicae
1045 986 1049 991 .

60 1030 511 1105 beneeeustituendseinenni,
531 1014 680 1114 cogitanta
707 1032 885 1093 sicfaciam.
915 1030 1013 1103 Quist
1043 1056 1054 1073 x

58 1132 127 1215 Ege
151 1120 272 1207 Cicera,
305 1134 435 1209 Caesar,
468 1138 602 1199 Brutus·
636 1140 705 1206 tina
730 1157 765 1198 re
781 1136 903 1199 'faueat
945 1135 1015 1197 Mes
1080 1206 1083 1212 A

15 1266 19 1271 ·
59 1241 227 1322 sapientia,
242 1258 321 1302 *mea
346 1244 489 1321 potentia.
530 1226 619 1304 itane
636 1243 886 1325 praesumtionem
914 1243 945 1301 et
965 1257 1014 1301 ar·

58 1346 236 1435 negantiam¹
248 1346 669 1428 nnnsidentpecaatumesse.
711 1348 786 1410 Post
805 1365 872 1408 eum
894 1347 1013 1426 sapien·

58 1435 193 1515 tissimus
214 1468 286 1511 suas
307 1452 500 1531 cogitationes
521 1453 584 1514 falli
604 1454 722 1526 vident,
742 1452 907 1533 blasphemi
928 1450 1027 1524 fiunt.
1057 1471 1060 1477 ·

60 1560 93 1616 et
110 1561 224 1636 putant
243 1555 359 1617 nullum
379 1575 447 1618 esse
466 1557 577 1633 Deum,
599 1564 653 1620 ant
665 1558 762 1619 Deum
783 1559 916 1634 iniquum
937 1574 1011 1628 esse,

60 1663 113 1740 qui
134 1661 239 1721 virtuti
261 1678 320 1721 non
340 1659 483 1724 henesem
502 1664 602 1736 hebet,
623 1668 654 1724 et
667 1665 832 1744 sapientiae
852 1679 911 1720 neu
927 1659 1012 1722 addit

60 1784 245 1827 successum.
288 1766 357 1828 ideo
377 1771 479 1830 autem
498 1768 737 1842 infelicessunt,
766 1769 839 1845 quia
864 1764 1055 1827 excedens-v

15 1912 33 1925 -.
60 1866 171 1931 limitis
193 1888 266 1930 suae
287 1874 468 1968 sapientiae,
494 1892 593 1951 neque
614 1891 649 1934 ee
670 1876 740 1934 sunt
762 1871 909 1942 contenti,
931 1869 1011 1946 qued

60 1981 134 2038 sunt
154 1978 310 2038 constituti
331 1979 440 2057 domiui
461 1997 553 2060 super
573 1997 683 2059 pecora
704 1979 809 2058 eempi,
830 1978 930 2058 pisces
949 1988 1012 2049 ma·

60 2082 118 2154 ris,
140 2081 273 2142 volatilia
292 2084 367 2145 eseli
389 2089 420 2146 et
432 2103 523 2166 snper
543 2090 671 2156 terram,
693 2103 819 2162 quarum
838 2096 939 2143 seram
959 2078 1011 2145 ᾱὸτ

59 2186 186 2247 minium
201 2187 311 2248 homini
323 2207 498 2259 consessum
509 2193 563 2261 est,
584 2190 702 2269 genesis
712 2195 741 2252 2.
751 2185 819 2270 [·1.],
840 2188 895 2249 sed
906 2186 1012 2248 velunt

60 2294 153 2353 etism
171 2293 341 2372 gubernare
361 2312 418 2375 pes
438 2313 480 2367 se,
500 2295 645 2355 hominem
661 2295 717 2353 sibi
728 2295 861 2364 similem,
881 2292 1009 2363 demum,

28 2396 33 2405 '
59 2413 202 2470 uxorem,
224 2397 348 2469 liberos,
369 2417 480 2480 regna,
501 2399 640 2480 imperia,
668 2398 759 2475 idque
780 2398 958 2459 anctoritate
977 2400 1010 2457 et

60 2503 211 2582 sapientia
230 2504 366 2584 propria,
397 2522 456 2565 nen
478 2503 607 2565 salutate
627 2502 705 2576 Dee,
733 2521 792 2563 nen
812 2503 949 2562 invocata
970 2498 1008 2560 ad
1057 2508 1060 2515 '

59 2608 95 2670 isi
113 2624 173 2689 epe
193 2608 303 2670 divina.
608 2669 610 2673 ,
833 2662 836 2671 ,
895 2660 905 2669 ,.

143 2711 228 2792 Erga
249 2713 298 2774 hie
317 2732 422 2775 sessus
442 2718 490 2776 est
507 2715 576 2778 idea
595 2718 734 2795 etimage
746 2714 840 2778 totius
850 2703 1008 2787 mandit).

59 2815 145 2882 (tuin
173 2817 250 2877 enim
280 2817 362 2878 aliud
383 2824 429 2881 est
448 2823 530 2881 totus
552 2821 681 2883 mundus
703 2839 770 2881 eum
783 2818 926 2881 >omnibus
947 2814 1008 2873 suia

60 2921 179 2994 studiis,
201 2942 290 3000 quam
302 2925 416 2987 frustra
430 2946 516 2987 mane
527 2928 671 3008 surgeret
713 2927 829 3005 {sepiae
848 2922 1010 3003 prinsipes,

58 3027 178 3106 inspice
190 3030 392 3107 magistratus,
413 3033 527 3111 inspice
536 3030 767 3114 patresfamilias
782 3034 813 3089 st
824 3043 1008 3096 oeconomos,

58 3135 91 3191 et
111 3129 227 3203 videbis
247 3152 335 3193 mane
355 3145 530 3218 surgentes,
551 3136 605 3199 sed
619 3137 740 3196 trustra.
781 3131 934 3193 Asumme
949 3129 1020 3209 igis.

57 3240 112 3297 tur
133 3237 237 3326 nguine
257 3257 354 3316 usque
375 3241 414 3301 ad
427 3243 558 3303 infimum
573 3259 673 3301 omnes
686 3237 866 3299 mnesitheo
880 3252 1012 3306 uermes,

55 3343 222 3405 monarcha
232 3361 342 3421 aeque,
364 3351 399 3406 ut
418 3346 527 3407 aneilla
547 3347 577 3406 in
591 3346 692 3407 deme:
718 3344 1007 3422 22Egamanesusge,

56 3449 90 3506 et
110 3445 203 3525 [stige
224 3465 290 3519 me,
318 3468 354 3510 ac
376 3450 522 3513 mansisses
543 3468 651 3532 penem
672 3432 793 3511 deteris.
833 3428 1010 3506 Pausissimi

128 3676 163 3752 s)
183 3677 338 3735 sensa...
