2190 4064
313 84 694 193 'rsahasoxmvru
784 80 831 161 ¹³¹
935 134 977 195 ⁴7

65 283 209 367 snhrpsts.
223 284 428 371 subnatant
447 278 524 356 alia,
550 302 609 345 uno
623 265 657 371 ³)
686 287 813 360 tyranno
833 290 976 365 oppresso
1038 344 1039 349 ,

63 405 132 447 mann
158 390 280 462 domini,
322 394 445 450 secutus
473 394 520 450 est
540 390 627 464 atius,
669 389 721 451 Sic
748 389 887 467 privatim
917 408 978 449 una

62 489 243 571 desperatione
273 495 352 554 aicta
372 495 514 555 succedit
534 494 593 554 alia
612 499 670 555 etc.
710 491 799 552 Hanc
825 493 979 553 continua-

56 595 145 658 tionem
165 602 252 658 etiam
274 601 473 677 geminatione
497 599 549 659 illa
574 599 694 658 videtur
714 597 880 676 significare
907 616 977 676 pro-

59 698 144 776 pheta,
163 705 242 781 quod
264 705 351 764 dicit:
392 704 500 763 Eundo
522 708 619 763 eunt:
645 703 752 763 Nullus
773 704 849 762 enim
880 704 978 780 lacry-

58 820 151 866 marum
169 809 235 868 finis
252 814 308 881 est,
330 814 489 886 antequam
502 807 716 889 descendamus
731 809 762 866 in
776 807 977 887 sepulchrum,

58 910 104 966 etsi
120 917 227 992 tempus
248 902 416 994 respirandi
437 902 620 975 conceditur.

125 1017 204 1082 duod
236 1024 358 1079 vertunt
383 1022 564 1098 „pretiosum
587 998 721 1091 semen“,
755 1017 885 1079 viderint
917 1020 975 1090 isti,

58 1117 99 1190 qui
116 1120 263 1185 hebraicae
284 1126 403 1204 linguae
429 1128 563 1204 magistri
591 1129 671 1184 sunt.
708 1123 786 1181 Nam
815 1125 900 1183 nimis
929 1143 978 1184 re·

56 1226 122 1282 mota
151 1247 185 1287 ea
215 1229 313 1308 figura
341 1230 396 1290 est.
438 1230 510 1291 Mihi
542 1230 636 1308 magis
664 1229 782 1312 videtur
810 1229 998 1308 significare·

56 1333 276 1406 protractionem,
297 1337 490 1414 ntexprimat
504 1316 757 1394 ⁸continuationem
770 1336 976 1407 tentationum,

57 1424 88 1497 de
104 1453 154 1511 qus
170 1439 232 1517 jam
255 1440 330 1513 dixi,
361 1440 420 1502 'seu
443 1427 578 1521 epitasin.
620 1439 740 1516 Alioqui
768 1434 858 1544 Thptn
896 1443 977 1511 sunt,

57 1562 216 1652 dnssoprs
230 1574 363 1650 diximus,
385 1558 655 1651 Tartari'*).‘Sed
675 1574 732 1634 hoc
745 1574 818 1633 nihil
838 1574 976 1633 adhunc
1039 1571 1045 1581 ’

56 1663 140 1735 locum.
182 1680 338 1741 Sententia
370 1683 462 1761 igitur
491 1683 551 1740 est:
601 1678 728 1738 Portant
768 1677 977 1756 prolongatum

56 1786 96 1837 ten
112 1782 264 1844 dilatatum
281 1786 347 1863 aas)
372 1804 487 1856 semen3
507 1786 564 1844 hoc
585 1788 646 1856 est,
680 1783 858 1843 laboriosam
885 1783 976 1842 vitam
1031 1819 1036 1825 -

54 1893 140 1961 snut,
164 1890 208 1949 'de
237 1891 286 1949 die
317 1891 348 1948 in
380 1891 456 1950 diem
479 1888 654 1950 exercentur
674 1893 756 1949 novis
778 1887 918 1968 periculis
938 1890 977 1947 et

51 1989 261 2067 calamitatibus,
282 1996 345 2054 sine
360 1997 532 2067 cessatione,
556 2001 590 2054 ut
612 1996 651 2054 sit
669 2000 854 2074 protractum
876 2011 976 2052 semen

47 2089 111 2157 idem
131 2119 167 2159 ac
188 2102 212 2159 si
235 2100 341 2160 dicasz‘
362 2102 564 2172 continuatas,
593 2103 789 2171 successivas,
812 2118 866 2158 seu
886 2097 976 2156 alter-

47 2210 121 2265 natus
144 2209 332 2266 tentationes.
376 2206 436 2264 Sed
458 2207 548 2284 hujus
571 2206 798 2265 continuationis
830 2203 907 2278 quis*
929 2203 976 2260 est

47 2309 119 2371 iniai
162 2313 216 2372 lile
238 2313 372 2381 scilicet,
402 2310 481 2388 quod
501 2317 657 2390 'aetornum
678 2309 820 2389 gaudium
841 2307 976 2387 posside-

47 2422 123 2490 rant,
157 2420 235 2477 sicut
256 2416 382 2497 epistola
402 2416 441 2474 ad
463 2415 557 2475 Hebe.
587 2414 705 2492 egregie
727 2413 813 2473 dicit:
854 2412 975 2500 „Omnis

47 2524 191 2603 disciplina
219 2524 249 2582 in
271 2523 422 2602 praesenti
459 2521 577 2598 quidem
599 2518 717 2579 videtur
737 2538 796 2578 non
817 2537 883 2578 esse
903 2534 977 2596 gau·

47 2629 86 2700 iii,
115 2628 170 2688 sed
191 2629 332 2687 moeroris
355 2627 417 2704 (hic
438 2626 523 2685 audis
544 2624 721 2703 iacrymas),
749 2630 855 2705 postea
876 2629 976 2684 autem

47 2740 162 2795 ructum
185 2734 405 2813 paratissimum
430 2733 564 2812 justitiae
585 2729 691 2790 reddet
710 2732 891 2792 exercitatis
920 2742 977 2809 per

49 2844 131 2898 am.“
171 2838 230 2898 liic
252 2839 346 2910 audis,
369 2838 446 2914 quod
467 2837 627 2896 uenientes
647 2837 766 2896 venient
786 2827 868 2895 ειιιὶι1
882 2835 978 2894 exsui-

47 2946 152 3003 atione.
197 2945 230 3001 Si
260 2945 351 3023 igitur
371 2944 557 3021 protractum
586 2944 617 3000 et
637 2939 844 3019 prolongatum
875 2957 976 3007 semen

47 3052 90 3120 st,
115 3054 295 3107 nontamen
319 3051 365 3106 est
386 3052 555 3116 aeternum,
588 3044 728 3124 gaudium
759 3046 977 3103 autemaeter-

47 3172 100 3212 um
134 3153 199 3212 erit.
241 3154 293 3212 Sic
325 3169 451 3230 regnum
482 3151 594 3210 Christi
631 3168 689 3208 non
716 3153 762 3209 est
787 3149 916 3227 positum
944 3149 976 3207 in

48 3241 289 3319 otentia'mundi
316 3260 347 3315 et
368 3257 488 3336 opibus,
516 3255 621 3315 sedin
643 3254 824 3313 redemtione
845 3250 975 3323 aeterna,

47 3360 118 3423 nam
140 3364 273 3442 cogimur
295 3362 428 3421 obtinere
455 3362 569 3440 magnis
598 3359 801 3419 vexationibus
822 3362 854 3421 et
880 3356 976 3417 cruci-

97 3546 129 3615 ')
151 3547 181 3602 iu
201 3546 274 3614 orig.
305 3547 425 3616 tegitur:
447 3545 538 3600 uiro.
576 3545 619 3614 ”J
639 3543 669 3596 dn
700 3544 792 3624 orig-p
813 3541 971 3596 tacturi.

47 3641 85 3714 u*)
109 3640 141 3693 in
161 3639 254 3711 orig:
272 3639 434 3696 dilutam.
