2190 4064
73 217 137 280 all
265 188 267 191 Ι
389 197 784 284 Praei-actionus

74 342 162 442 dicit,
183 366 325 445 quidquid
351 368 468 428 minimo
492 370 570 428 inter
591 387 660 429 auos
678 365 853 441 locarimus,
880 368 939 432 boc
957 368 1003 429 sibl

57 468 154 541 'lieri,
174 472 205 528 ot
224 467 388 546 prophetae
407 469 572 526 mercedem
595 469 778 538 habiturum,
806 470 858 543 qni
886 471 1008 549 prophe*

53 556 136 628 xtam
158 567 308 645 acceperit
328 567 462 644 benigne.
507 568 618 627 Contra
624 569 767 645 judicium
780 568 936 645 impiorum
948 568 1002 625 idco
1041 574 1043 579 '

73 669 192 747 gravius
215 667 285 737 erit,
312 668 382 741 quia
403 670 500 725 omnia
516 670 648 746 *ipsorum
668 669 785 726 iaciunt
805 666 844 723 ad
866 667 1002 745 oppressi
1034 670 1043 721 ⁴.

74 784 158 827 onam
186 766 276 824 verbi.
319 764 367 823 Ad
393 767 472 826 bunc
499 767 617 825 modum
645 768 799 844 diligenter
828 764 1001 824 discernendi
1041 798 1043 856 3

74 870 145 928 aunt
165 864 282 936 cultus,
304 883 357 924 seu
377 870 479 942 partes
500 867 649 943 religionis
671 864 858 944 principales,
880 884 899 923 a
912 866 1020 923 minus'
1041 864 1043 875 '

73 964 296 1046 principalibus,
317 964 401 1024 utin
423 963 525 1022 ordine
546 971 577 1024 ot
597 967 660 1024 loco
682 982 734 1022 auo
755 966 876 1042 proprio
900 963 1001 1044 siugda

72 1064 262 1125 collocentur.
302 1061 369 1137 lloc
391 1065 468 1121 enim
488 1069 535 1122 cst
561 1082 637 1143 pure
666 1070 695 1122 et
715 1070 804 1122 ‘recto
833 1064 953 1134 doecre,
977 1067 1000 1119 et

74 1183 133 1224 non
155 1161 335 1223 contundere
356 1163 466 1234 omnia,
487 1164 565 1223 sicut
586 1165 694 1222 indocti
716 1167 805 1238 atquo
826 1164 909 1243 impii
930 1162 1000 1243 papi·

39 1272 40 1277 ’
71 1268 137 1326 siaa
168 1262 289 1320 faciunt.

152 1361 305 1421 Hactenus
328 1360 513 1431 audivimus,
542 1360 685 1435 quomodo
708 1361 854 1440 propbeta
881 1360 999 1420 celebret

71 1460 273 1535 inenarrabile
290 1460 398 1519 donum
420 1464 450 1519 ct
468 1459 640 1519 beneficium
658 1461 728 1532 Dal,
749 1461 872 1519 verbum
890 1461 998 1533 scilicet,

72 1569 104 1624 et
123 1581 178 1643 pro
199 1580 233 1621 ao
254 1564 323 1640 agat
344 1561 464 1638 gratias.
506 1558 572 1618 lloc
596 1562 670 1618 enirn
692 1560 808 1619 demum
832 1565 878 1620 ast
892 1561 996 1629 donum,

71 1662 152 1741 quod
187 1663 358 1741 agnoscitur
390 1665 422 1719 et
449 1661 543 1719 scitur
572 1679 638 1718 esse
666 1660 776 1719 donum
804 1659 869 1718 Dei.
913 1660 998 1719 Totus

69 1762 211 1833 mundus,
240 1762 318 1820 sicut
344 1758 491 1830 videmus,
520 1759 652 1818 abundat
682 1764 711 1818 at
739 1760 885 1836 quotidie
902 1759 1043 1833 lruitbr'

1040 1786 1043 1837 1

70 1860 218 1921 beneficiis
245 1858 299 1917 Dei
327 1875 421 1933 usque
450 1858 488 1916 ad
516 1861 697 1929 sotietatem,
727 1862 757 1916 et
784 1863 885 1917 mman
913 1856 1043 1918 manat*
1040 1884 1043 1895 ·

69 1959 144 2019 baec
164 1956 320 2017 caecitas
311 1974 342 2012 ru
363 1956 508 2026 cordibus,
531 1959 609 2032 quod
630 1977 688 2016 non
709 1957 839 2016 credunt
856 1958 999 2018 essedum
1039 1960 1043 1979 ³

69 2056 135 2117 Dei.
176 2055 280 2130 ltaque
299 2071 355 2111 non
377 2054 464 2112 aliter
482 2055 517 2112 ils
538 2056 648 2114 fruitur
660 2057 796 2128 mundus,
818 2076 906 2134 quam
927 2056 998 2138 porti

71 2156 138 2219 cibo
159 2158 190 2215 et
208 2159 291 2232 potu.
332 2151 428 2212 David
452 2156 550 2210 autem
579 2154 660 2214 videt
690 2157 744 2215 sibi
776 2156 918 2216 donatum
946 2172 998 2216 cras

70 2271 209 2333 regnum,
236 2254 265 2311 in
285 2271 342 2329 quo
363 2251 449 2343 lloret
468 2269 576 2330 purum
596 2257 716 2313 verbum
739 2260 769 2313 et
791 2256 895 2334 religio
922 2272 996 2336 pura

69 2352 136 2414 Hoc
157 2352 266 2412 donum
286 2352 436 2432 intelligit,
458 2352 524 2410 ideo
554 2355 598 2411 sic
623 2352 766 2426 lactatur,
797 2360 829 2413 et
854 2352 998 2435 praedoni
1041 2398 1043 2405 .

70 2443 154 2515 suam
174 2452 374 2523 Hierusalem,
392 2452 471 2529 quod
492 2453 531 2510 sit
552 2453 653 2510 civitas
676 2454 927 2531 congregationis,
951 2453 997 2511 boo

69 2558 124 2626 cst,
144 2551 226 2611 locus
248 2551 386 2610 divinitus
407 2552 445 2611 ad
470 2551 501 2610 id
523 2552 701 2630 designatus,
722 2556 757 2610 ut
776 2554 857 2612 istuc
876 2554 997 2613 houton

70 2651 245 2713 conveniant
266 2649 305 2707 ad
325 2649 501 2710 audiendum
522 2652 643 2711 verbum
664 2651 719 2709 liei
741 2656 770 2709 et
791 2652 924 2730 agendas
943 2650 997 2710 llao

69 2749 199 2829 gratias,
228 2736 312 2805 extra
332 2766 419 2823 quem
440 2750 535 2808 locum
557 2750 638 2809 licus
666 2769 723 2808 non
749 2751 847 2828 possit
876 2748 997 2812 inveniri

68 2849 143 2909 Nam
164 2849 268 2926 gentas
287 2863 346 2903 non
367 2845 485 2921 quidem
503 2848 558 2906 boc
578 2849 748 2920 voluerunt,
777 2855 813 2908 ut
841 2851 929 2911 falsis
949 2848 996 2908 diu
1037 2884 1041 2891 ·

69 2963 123 3006 seu
148 2945 234 3005 idolis
263 2943 420 3013 servirent,
456 2942 509 3001 sed
536 2963 602 3002 cum
637 2949 757 3005 verbum
784 2947 842 3008 Dei
871 2955 903 3010 et
928 2951 998 3009 bunc

68 3042 217 3112 auditum,
245 3042 283 3100 da
311 3056 381 3116 quo·
397 3039 492 3099 David
518 3041 566 3099 bic
593 3043 737 3119 loquitur,
766 3067 828 3130 nou¹
852 3048 997 3115 baberent,

67 3159 127 3200 nou
146 3143 307 3218 potuerunt
327 3139 422 3198 Deum
442 3140 581 3198 inveniro.
623 3142 701 3202 Hinc
714 3146 799 3204 lacile
821 3147 998 3226 intelligitur,

68 3257 155 3316 qnam
175 3236 313 3296 horribile
331 3240 485 3314 peccatum
506 3236 558 3306 sit,
587 3244 771 3301 contemnere
799 3251 852 3305 aut
872 3246 1021 3306 fastidire·

68 3333 267 3409 verbum¹⁸).
311 3336 440 3411 Superat
458 3335 538 3391 enim
560 3351 657 3395 omnes
679 3338 847 3415 Thyestes,
869 3343 998 3422 etquid

69 3435 140 3512 quid
160 3435 191 3492 in
210 3433 343 3492 omnibus
366 3430 525 3508 tragoediis
553 3431 692 3494 horribile
721 3444 782 3512 est,
811 3443 893 3518 quod
919 3445 1001 3503 homo

66 3541 127 3594 tam
148 3531 227 3591 nihili
248 3538 279 3589 ot
298 3529 413 3586 infirma
434 3532 571 3587 creatura
591 3532 621 3588 in
642 3552 706 3591 eam
728 3543 898 3616 superbiam
914 3541 1002 3603 entol-

67 3616 282 3631 Μ-

119 3638 168 3708 18)
188 3638 371 3690 Contemnere
391 3646 420 3688 at
438 3635 568 3690 lastidira
587 3643 710 3695 corbum.
