<?xml version="1.0" encoding="UTF-8"?>
<!DOCTYPE html PUBLIC "-//W3C//DTD XHTML 1.0 Transitional//EN"
    "http://www.w3.org/TR/xhtml1/DTD/xhtml1-transitional.dtd">
<html xmlns="http://www.w3.org/1999/xhtml" xml:lang="en" lang="en">
 <head>
  <title>
</title>
<meta http-equiv="Content-Type" content="text/html;charset=utf-8" />
  <meta name='ocr-system' content='tesseract 3.04.00' />
  <meta name='ocr-capabilities' content='ocr_page ocr_carea ocr_par ocr_line ocrx_word'/>
</head>
<body>
  <div class='ocr_page' id='page_1' title='image "./exegeticaoperal04luthgoog_0203.png"; bbox 0 0 2190 4064; ppageno 0'>
   <div class='ocr_carea' id='block_1_1' title="bbox 49 182 832 317">
    <p class='ocr_par' dir='ltr' id='par_1_1' title="bbox 49 182 832 317">
     <span class='ocr_line' id='line_1_1' title="bbox 49 182 832 317; baseline -0.001 -25"><span class='ocrx_word' id='word_1_1' title='bbox 49 298 55 317; x_wconf 51' lang='grc'>,</span> <span class='ocrx_word' id='word_1_2' title='bbox 98 213 162 292; x_wconf 53' lang='grc' dir='ltr'><strong>ἸΝ</strong></span> <span class='ocrx_word' id='word_1_3' title='bbox 402 182 726 293; x_wconf 58' lang='grc' dir='ltr'><strong>Ῥησίὀεῐίοιιοι</strong></span> <span class='ocrx_word' id='word_1_4' title='bbox 767 268 769 280; x_wconf 87' lang='lat'>·</span> <span class='ocrx_word' id='word_1_5' title='bbox 829 250 832 255; x_wconf 88' lang='lat'>·</span> 
     </span>
    </p>
   </div>
   <div class='ocr_carea' id='block_1_2' title="bbox 19 362 1059 1833">
    <p class='ocr_par' dir='ltr' id='par_1_2' title="bbox 97 362 1059 955">
     <span class='ocr_line' id='line_1_2' title="bbox 143 362 1059 461; baseline 0.014 -24"><span class='ocrx_word' id='word_1_6' title='bbox 143 398 153 421; x_wconf 59' lang='grc' dir='ltr'><em>ι</em></span> <span class='ocrx_word' id='word_1_7' title='bbox 184 376 234 438; x_wconf 78' lang='lat' dir='ltr'><strong>aa</strong></span> <span class='ocrx_word' id='word_1_8' title='bbox 252 378 332 439; x_wconf 66' lang='lat' dir='ltr'><strong>nune</strong></span> <span class='ocrx_word' id='word_1_9' title='bbox 350 380 469 441; x_wconf 76' lang='lat' dir='ltr'><strong>monum</strong></span> <span class='ocrx_word' id='word_1_10' title='bbox 495 382 592 461; x_wconf 60' lang='lat' dir='ltr'><strong>pago</strong></span> <span class='ocrx_word' id='word_1_11' title='bbox 611 382 747 461; x_wconf 65' lang='lat' dir='ltr'><strong>psoram</strong></span> <span class='ocrx_word' id='word_1_12' title='bbox 764 382 814 442; x_wconf 69' lang='lat' dir='ltr'><strong>ne</strong></span> <span class='ocrx_word' id='word_1_13' title='bbox 833 362 1059 455; x_wconf 60' lang='lat' dir='ltr'><strong>nouercae</strong></span> 
     </span>
     <span class='ocr_line' id='line_1_3' title="bbox 98 474 1059 552; baseline 0.009 -13"><span class='ocrx_word' id='word_1_14' title='bbox 98 474 191 539; x_wconf 75' lang='lat' dir='ltr'><strong>verae</strong></span> <span class='ocrx_word' id='word_1_15' title='bbox 211 477 354 539; x_wconf 75' lang='lat' dir='ltr'><strong>ecclesiae</strong></span> <span class='ocrx_word' id='word_1_16' title='bbox 374 480 531 552; x_wconf 72' lang='lat' dir='ltr'><strong>fortunam,</strong></span> <span class='ocrx_word' id='word_1_17' title='bbox 550 485 587 539; x_wconf 87' lang='lat' dir='ltr'><strong>ut</strong></span> <span class='ocrx_word' id='word_1_18' title='bbox 607 480 721 540; x_wconf 86' lang='lat' dir='ltr'><strong>scilicet</strong></span> <span class='ocrx_word' id='word_1_19' title='bbox 741 500 891 542; x_wconf 74' lang='lat' dir='ltr'><strong>manemus</strong></span> <span class='ocrx_word' id='word_1_20' title='bbox 911 504 971 545; x_wconf 87' lang='lat' dir='ltr'><strong>uos</strong></span> <span class='ocrx_word' id='word_1_21' title='bbox 987 506 1059 548; x_wconf 93' lang='lat' dir='ltr'><strong>con-</strong></span> 
     </span>
     <span class='ocr_line' id='line_1_4' title="bbox 97 572 1058 658; baseline 0.009 -22"><span class='ocrx_word' id='word_1_22' title='bbox 97 582 152 637; x_wconf 87' lang='lat' dir='ltr'><strong>·tra</strong></span> <span class='ocrx_word' id='word_1_23' title='bbox 163 578 237 636; x_wconf 87' lang='lat' dir='ltr'><strong>hoec</strong></span> <span class='ocrx_word' id='word_1_24' title='bbox 255 577 396 656; x_wconf 84' lang='lat' dir='ltr'><strong>pericula,</strong></span> <span class='ocrx_word' id='word_1_25' title='bbox 419 584 450 637; x_wconf 87' lang='lat' dir='ltr'><strong>et</strong></span> <span class='ocrx_word' id='word_1_26' title='bbox 470 572 662 656; x_wconf 78' lang='lat' dir='ltr'><strong>agamuslleo</strong></span> <span class='ocrx_word' id='word_1_27' title='bbox 676 582 788 657; x_wconf 69' lang='lat' dir='ltr'><strong>gratias</strong></span> <span class='ocrx_word' id='word_1_28' title='bbox 802 598 859 658; x_wconf 84' lang='lat' dir='ltr'><strong>pro</strong></span> <span class='ocrx_word' id='word_1_29' title='bbox 874 582 934 641; x_wconf 85' lang='lat' dir='ltr'><strong>bac</strong></span> <span class='ocrx_word' id='word_1_30' title='bbox 949 594 1058 650; x_wconf 78' lang='lat' dir='ltr'><strong>sancta</strong></span> 
     </span>
     <span class='ocr_line' id='line_1_5' title="bbox 101 676 1056 757; baseline 0.013 -21"><span class='ocrx_word' id='word_1_31' title='bbox 101 676 316 747; x_wconf 74' lang='lat' dir='ltr'><strong>consolatione,</strong></span> <span class='ocrx_word' id='word_1_32' title='bbox 348 677 427 752; x_wconf 84' lang='lat' dir='ltr'><strong>quod</strong></span> <span class='ocrx_word' id='word_1_33' title='bbox 456 678 602 754; x_wconf 87' lang='lat' dir='ltr'><strong>quidquid</strong></span> <span class='ocrx_word' id='word_1_34' title='bbox 622 679 807 743; x_wconf 80' lang='lat' dir='ltr'><strong>tumultuum</strong></span> <span class='ocrx_word' id='word_1_35' title='bbox 824 682 994 757; x_wconf 79' lang='lat' dir='ltr'><strong>excitatur,</strong></span> <span class='ocrx_word' id='word_1_36' title='bbox 1023 688 1056 749; x_wconf 91' lang='lat' dir='ltr'><strong>id</strong></span> 
     </span>
     <span class='ocr_line' id='line_1_6' title="bbox 101 776 1056 855; baseline 0.013 -21"><span class='ocrx_word' id='word_1_37' title='bbox 101 792 163 837; x_wconf 86' lang='lat' dir='ltr'><strong>non</strong></span> <span class='ocrx_word' id='word_1_38' title='bbox 176 776 309 855; x_wconf 74' lang='lat' dir='ltr'><strong>¹imputat</strong></span> <span class='ocrx_word' id='word_1_39' title='bbox 328 776 372 847; x_wconf 89' lang='lat' dir='ltr'><strong>iis,</strong></span> <span class='ocrx_word' id='word_1_40' title='bbox 395 778 444 852; x_wconf 88' lang='lat' dir='ltr'><strong>qui</strong></span> <span class='ocrx_word' id='word_1_41' title='bbox 466 776 582 848; x_wconf 89' lang='lat' dir='ltr'><strong>docent,</strong></span> <span class='ocrx_word' id='word_1_42' title='bbox 603 777 657 836; x_wconf 88' lang='lat' dir='ltr'><strong>sed</strong></span> <span class='ocrx_word' id='word_1_43' title='bbox 677 780 775 838; x_wconf 86' lang='lat' dir='ltr'><strong>verbo.</strong></span> <span class='ocrx_word' id='word_1_44' title='bbox 805 779 939 841; x_wconf 72' lang='lat' dir='ltr'><strong>Verbum</strong></span> <span class='ocrx_word' id='word_1_45' title='bbox 951 789 1056 845; x_wconf 87' lang='lat' dir='ltr'><strong>autem</strong></span> 
     </span>
     <span class='ocr_line' id='line_1_7' title="bbox 103 874 1056 955; baseline 0.012 -22"><span class='ocrx_word' id='word_1_46' title='bbox 103 879 151 934; x_wconf 84' lang='lat' dir='ltr'><strong>est</strong></span> <span class='ocrx_word' id='word_1_47' title='bbox 171 890 230 934; x_wconf 92' lang='lat' dir='ltr'><strong>non</strong></span> <span class='ocrx_word' id='word_1_48' title='bbox 250 878 400 946; x_wconf 85' lang='lat' dir='ltr'><strong>nostrum,</strong></span> <span class='ocrx_word' id='word_1_49' title='bbox 430 874 486 935; x_wconf 89' lang='lat' dir='ltr'><strong>sed</strong></span> <span class='ocrx_word' id='word_1_50' title='bbox 506 875 625 947; x_wconf 78' lang='lat' dir='ltr'><strong>Christi,</strong></span> <span class='ocrx_word' id='word_1_51' title='bbox 646 877 747 952; x_wconf 87' lang='lat' dir='ltr'><strong>itaque</strong></span> <span class='ocrx_word' id='word_1_52' title='bbox 766 895 929 955; x_wconf 81' lang='lat' dir='ltr'><strong>possumus</strong></span> <span class='ocrx_word' id='word_1_53' title='bbox 954 886 1056 943; x_wconf 84' lang='lat' dir='ltr'><strong>securi</strong></span> 
     </span>
    </p>

    <p class='ocr_par' dir='ltr' id='par_1_3' title="bbox 19 973 1058 1442">
     <span class='ocr_line' id='line_1_8' title="bbox 19 973 1054 1054; baseline 0.007 -22"><span class='ocrx_word' id='word_1_54' title='bbox 19 1016 22 1041; x_wconf 82' lang='grc'>,</span> <span class='ocrx_word' id='word_1_55' title='bbox 102 992 177 1044; x_wconf 86' lang='lat' dir='ltr'><strong>esse,</strong></span> <span class='ocrx_word' id='word_1_56' title='bbox 192 973 345 1052; x_wconf 45' lang='lat' dir='ltr'><strong>‚quidquid</strong></span> <span class='ocrx_word' id='word_1_57' title='bbox 363 974 484 1035; x_wconf 61' lang='lat' dir='ltr'><strong>undem</strong></span> <span class='ocrx_word' id='word_1_58' title='bbox 504 994 540 1033; x_wconf 86' lang='lat' dir='ltr'><strong>ex</strong></span> <span class='ocrx_word' id='word_1_59' title='bbox 560 992 633 1034; x_wconf 86' lang='lat' dir='ltr'><strong>sana</strong></span> <span class='ocrx_word' id='word_1_60' title='bbox 654 975 789 1035; x_wconf 80' lang='lat' dir='ltr'><strong>doctrina</strong></span> <span class='ocrx_word' id='word_1_61' title='bbox 809 980 958 1054; x_wconf 84' lang='lat' dir='ltr'><strong>seqnitur.</strong></span> <span class='ocrx_word' id='word_1_62' title='bbox 990 982 1054 1047; x_wconf 72' lang='lat' dir='ltr'><strong>oui</strong></span> 
     </span>
     <span class='ocr_line' id='line_1_9' title="bbox 101 1072 1054 1152; baseline 0.012 -20"><span class='ocrx_word' id='word_1_63' title='bbox 101 1077 202 1132; x_wconf 87' lang='lat' dir='ltr'><strong>emant</strong></span> <span class='ocrx_word' id='word_1_64' title='bbox 222 1090 341 1152; x_wconf 86' lang='lat' dir='ltr'><strong>pacem,</strong></span> <span class='ocrx_word' id='word_1_65' title='bbox 362 1077 483 1132; x_wconf 89' lang='lat' dir='ltr'><strong>taceant</strong></span> <span class='ocrx_word' id='word_1_66' title='bbox 502 1090 587 1144; x_wconf 89' lang='lat' dir='ltr'><strong>sane,</strong></span> <span class='ocrx_word' id='word_1_67' title='bbox 608 1092 662 1133; x_wconf 92' lang='lat' dir='ltr'><strong>nos</strong></span> <span class='ocrx_word' id='word_1_68' title='bbox 683 1079 783 1135; x_wconf 87' lang='lat' dir='ltr'><strong>autem</strong></span> <span class='ocrx_word' id='word_1_69' title='bbox 803 1072 963 1151; x_wconf 83' lang='lat' dir='ltr'><strong>loquemur</strong></span> <span class='ocrx_word' id='word_1_70' title='bbox 984 1099 1054 1143; x_wconf 90' lang='lat' dir='ltr'><strong>cum</strong></span> 
     </span>
     <span class='ocr_line' id='line_1_10' title="bbox 100 1170 1053 1250; baseline 0.012 -19"><span class='ocrx_word' id='word_1_71' title='bbox 100 1170 211 1231; x_wconf 86' lang='lat' dir='ltr'><strong>fidncia</strong></span> <span class='ocrx_word' id='word_1_72' title='bbox 230 1171 376 1250; x_wconf 76' lang='lat' dir='ltr'><strong>magnalia</strong></span> <span class='ocrx_word' id='word_1_73' title='bbox 386 1170 451 1242; x_wconf 84' lang='lat' dir='ltr'><strong>Dei,</strong></span> <span class='ocrx_word' id='word_1_74' title='bbox 473 1175 504 1231; x_wconf 88' lang='lat' dir='ltr'><strong>et</strong></span> <span class='ocrx_word' id='word_1_75' title='bbox 526 1191 586 1231; x_wconf 89' lang='lat' dir='ltr'><strong>non</strong></span> <span class='ocrx_word' id='word_1_76' title='bbox 606 1175 715 1232; x_wconf 86' lang='lat' dir='ltr'><strong>erimus</strong></span> <span class='ocrx_word' id='word_1_77' title='bbox 735 1174 941 1236; x_wconf 75' lang='lat' dir='ltr'><strong>inobedientes</strong></span> <span class='ocrx_word' id='word_1_78' title='bbox 955 1180 988 1237; x_wconf 88' lang='lat' dir='ltr'><strong>in</strong></span> <span class='ocrx_word' id='word_1_79' title='bbox 1001 1198 1053 1241; x_wconf 87' lang='lat' dir='ltr'><strong>vo-</strong></span> 
     </span>
     <span class='ocr_line' id='line_1_11' title="bbox 100 1272 1058 1352; baseline 0.009 -21"><span class='ocrx_word' id='word_1_80' title='bbox 100 1272 218 1331; x_wconf 80' lang='lat' dir='ltr'><strong>catione</strong></span> <span class='ocrx_word' id='word_1_81' title='bbox 238 1276 348 1331; x_wconf 76' lang='lat' dir='ltr'><strong>nostra.</strong></span> <span class='ocrx_word' id='word_1_82' title='bbox 392 1272 425 1331; x_wconf 86' lang='lat' dir='ltr'><strong>si</strong></span> <span class='ocrx_word' id='word_1_83' title='bbox 447 1273 612 1331; x_wconf 83' lang='lat' dir='ltr'><strong>excitantur</strong></span> <span class='ocrx_word' id='word_1_84' title='bbox 630 1272 726 1330; x_wconf 86' lang='lat' dir='ltr'><strong>malae</strong></span> <span class='ocrx_word' id='word_1_85' title='bbox 745 1273 866 1352; x_wconf 73' lang='lat' dir='ltr'><strong>linguae</strong></span> <span class='ocrx_word' id='word_1_86' title='bbox 893 1279 924 1333; x_wconf 85' lang='lat' dir='ltr'><strong>ct</strong></span> <span class='ocrx_word' id='word_1_87' title='bbox 945 1281 1058 1339; x_wconf 56' lang='lat' dir='ltr'><strong>turba?</strong></span> 
     </span>
     <span class='ocr_line' id='line_1_12' title="bbox 99 1368 1051 1442; baseline 0.006 -12"><span class='ocrx_word' id='word_1_88' title='bbox 99 1370 205 1442; x_wconf 82' lang='lat' dir='ltr'><strong>tiones,</strong></span> <span class='ocrx_word' id='word_1_89' title='bbox 226 1388 293 1430; x_wconf 89' lang='lat' dir='ltr'><strong>cnm</strong></span> <span class='ocrx_word' id='word_1_90' title='bbox 312 1368 426 1431; x_wconf 78' lang='lat' dir='ltr'><strong>Donido</strong></span> <span class='ocrx_word' id='word_1_91' title='bbox 446 1374 620 1431; x_wconf 87' lang='lat' dir='ltr'><strong>contraeas</strong></span> <span class='ocrx_word' id='word_1_92' title='bbox 642 1372 797 1442; x_wconf 85' lang='lat' dir='ltr'><strong>orabimus,</strong></span> <span class='ocrx_word' id='word_1_93' title='bbox 820 1377 851 1431; x_wconf 88' lang='lat' dir='ltr'><strong>et</strong></span> <span class='ocrx_word' id='word_1_94' title='bbox 871 1377 973 1435; x_wconf 83' lang='lat' dir='ltr'><strong>securi</strong></span> <span class='ocrx_word' id='word_1_95' title='bbox 985 1376 1051 1441; x_wconf 84' lang='lat' dir='ltr'><strong>Deo</strong></span> 
     </span>
    </p>

    <p class='ocr_par' dir='ltr' id='par_1_4' title="bbox 81 1466 1051 1661">
     <span class='ocr_line' id='line_1_13' title="bbox 81 1466 1051 1556; baseline 0.005 -27"><span class='ocrx_word' id='word_1_96' title='bbox 81 1468 368 1530; x_wconf 77' lang='lat' dir='ltr'><strong>=commenddbimue</strong></span> <span class='ocrx_word' id='word_1_97' title='bbox 388 1466 543 1529; x_wconf 79' lang='lat' dir='ltr'><strong>ecclesiam</strong></span> <span class='ocrx_word' id='word_1_98' title='bbox 563 1488 655 1529; x_wconf 86' lang='lat' dir='ltr'><strong>suam.</strong></span> <span class='ocrx_word' id='word_1_99' title='bbox 686 1470 715 1529; x_wconf 83' lang='lat' dir='ltr'><strong>le</strong></span> <span class='ocrx_word' id='word_1_100' title='bbox 730 1473 854 1556; x_wconf 86' lang='lat' dir='ltr'><strong>verbum</strong></span> <span class='ocrx_word' id='word_1_101' title='bbox 875 1492 968 1535; x_wconf 88' lang='lat' dir='ltr'><strong>suum</strong></span> <span class='ocrx_word' id='word_1_102' title='bbox 987 1496 1051 1539; x_wconf 80' lang='lat' dir='ltr'><strong>ser-</strong></span> 
     </span>
     <span class='ocr_line' id='line_1_14' title="bbox 99 1568 1050 1661; baseline 0.008 -32"><span class='ocrx_word' id='word_1_103' title='bbox 99 1570 182 1630; x_wconf 87' lang='lat' dir='ltr'><strong>vabit</strong></span> <span class='ocrx_word' id='word_1_104' title='bbox 214 1568 357 1631; x_wconf 85' lang='lat' dir='ltr'><strong>ecclesiae</strong></span> <span class='ocrx_word' id='word_1_105' title='bbox 385 1588 471 1641; x_wconf 89' lang='lat' dir='ltr'><strong>snae,</strong></span> <span class='ocrx_word' id='word_1_106' title='bbox 511 1573 542 1629; x_wconf 90' lang='lat' dir='ltr'><strong>et</strong></span> <span class='ocrx_word' id='word_1_107' title='bbox 561 1569 666 1649; x_wconf 82' lang='lat' dir='ltr'><strong>impios</strong></span> <span class='ocrx_word' id='word_1_108' title='bbox 692 1570 809 1648; x_wconf 79' lang='lat' dir='ltr'><strong>linguas</strong></span> <span class='ocrx_word' id='word_1_109' title='bbox 838 1591 873 1632; x_wconf 91' lang='lat' dir='ltr'><strong>eo</strong></span> <span class='ocrx_word' id='word_1_110' title='bbox 910 1576 1050 1661; x_wconf 64' lang='lat' dir='ltr'><strong>incendio</strong></span> 
     </span>
    </p>

    <p class='ocr_par' dir='ltr' id='par_1_5' title="bbox 50 1658 1051 1833">
     <span class='ocr_line' id='line_1_15' title="bbox 50 1658 1051 1752; baseline 0.006 -23"><span class='ocrx_word' id='word_1_111' title='bbox 50 1658 53 1663; x_wconf 70' lang='grc'><strong>’</strong></span> <span class='ocrx_word' id='word_1_112' title='bbox 102 1672 286 1750; x_wconf 79' lang='lat' dir='ltr'><strong>exstinguet,</strong></span> <span class='ocrx_word' id='word_1_113' title='bbox 315 1689 373 1747; x_wconf 88' lang='lat' dir='ltr'><strong>quo</strong></span> <span class='ocrx_word' id='word_1_114' title='bbox 402 1671 458 1751; x_wconf 79' lang='lat' dir='ltr'><strong>ipsi</strong></span> <span class='ocrx_word' id='word_1_115' title='bbox 485 1672 594 1748; x_wconf 83' lang='lat' dir='ltr'><strong>putant</strong></span> <span class='ocrx_word' id='word_1_116' title='bbox 622 1668 776 1730; x_wconf 82' lang='lat' dir='ltr'><strong>ecelesiam</strong></span> <span class='ocrx_word' id='word_1_117' title='bbox 796 1671 1051 1752; x_wconf 72' lang='lat' dir='ltr'><strong>conflagratum</strong></span> 
     </span>
     <span class='ocr_line' id='line_1_16' title="bbox 102 1767 874 1833; baseline 0.009 -6"><span class='ocrx_word' id='word_1_118' title='bbox 102 1787 177 1830; x_wconf 82' lang='lat' dir='ltr'><strong>esse.</strong></span> <span class='ocrx_word' id='word_1_119' title='bbox 195 1767 307 1833; x_wconf 67' lang='lat' dir='ltr'><strong>dmum</strong></span> <span class='ocrx_word' id='word_1_120' title='bbox 380 1792 384 1799; x_wconf 95' lang='lat'>·</span> <span class='ocrx_word' id='word_1_121' title='bbox 870 1795 874 1801; x_wconf 94' lang='lat'>·</span> 
     </span>
    </p>
   </div>
   <div class='ocr_carea' id='block_1_3' title="bbox 369 1912 947 1994">
    <p class='ocr_par' dir='ltr' id='par_1_6' title="bbox 369 1912 947 1994">
     <span class='ocr_line' id='line_1_17' title="bbox 369 1912 947 1994; baseline -0.002 -4"><span class='ocrx_word' id='word_1_122' title='bbox 369 1912 610 1994; x_wconf 76' lang='lat' dir='ltr'><strong>PSALMUS</strong></span> <span class='ocrx_word' id='word_1_123' title='bbox 636 1918 778 1994; x_wconf 73' lang='lat' dir='ltr'>CXXI.</span> <span class='ocrx_word' id='word_1_124' title='bbox 900 1916 905 1929; x_wconf 88' lang='lat'>&#39;</span> <span class='ocrx_word' id='word_1_125' title='bbox 944 1912 947 1923; x_wconf 82' lang='lat'>&#39;</span> 
     </span>
    </p>
   </div>
   <div class='ocr_carea' id='block_1_4' title="bbox 354 2046 784 2111">
    <p class='ocr_par' dir='ltr' id='par_1_7' title="bbox 354 2046 784 2111">
     <span class='ocr_line' id='line_1_18' title="bbox 354 2046 784 2111; baseline 0 -3"><span class='ocrx_word' id='word_1_126' title='bbox 354 2050 495 2111; x_wconf 79' lang='lat' dir='ltr'><strong>Levavi</strong></span> <span class='ocrx_word' id='word_1_127' title='bbox 515 2050 653 2111; x_wconf 89' lang='lat' dir='ltr'><strong>oculos</strong></span> <span class='ocrx_word' id='word_1_128' title='bbox 675 2046 784 2110; x_wconf 86' lang='lat' dir='ltr'><strong>meos.</strong></span> 
     </span>
    </p>
   </div>
   <div class='ocr_carea' id='block_1_5' title="bbox 68 2184 1087 3755">
    <p class='ocr_par' dir='ltr' id='par_1_8' title="bbox 87 2184 1087 3154">
     <span class='ocr_line' id='line_1_19' title="bbox 180 2184 1048 2264; baseline 0.009 -21"><span class='ocrx_word' id='word_1_129' title='bbox 180 2184 366 2244; x_wconf 80' lang='lat' dir='ltr'><strong>Praecedens</strong></span> <span class='ocrx_word' id='word_1_130' title='bbox 387 2184 519 2264; x_wconf 81' lang='lat' dir='ltr'><strong>psalmus</strong></span> <span class='ocrx_word' id='word_1_131' title='bbox 546 2186 603 2244; x_wconf 81' lang='lat' dir='ltr'><strong>fuit</strong></span> <span class='ocrx_word' id='word_1_132' title='bbox 623 2186 716 2244; x_wconf 91' lang='lat' dir='ltr'><strong>oratio</strong></span> <span class='ocrx_word' id='word_1_133' title='bbox 736 2203 790 2264; x_wconf 87' lang='lat' dir='ltr'><strong>pro</strong></span> <span class='ocrx_word' id='word_1_134' title='bbox 819 2191 1048 2250; x_wconf 73' lang='lat' dir='ltr'><strong>conservatione</strong></span> 
     </span>
     <span class='ocr_line' id='line_1_20' title="bbox 87 2276 1086 2363; baseline 0.003 -19"><span class='ocrx_word' id='word_1_135' title='bbox 87 2286 190 2345; x_wconf 75' lang='lat' dir='ltr'><strong>&#39;sanae</strong></span> <span class='ocrx_word' id='word_1_136' title='bbox 210 2285 374 2363; x_wconf 86' lang='lat' dir='ltr'><strong>doctrinae,</strong></span> <span class='ocrx_word' id='word_1_137' title='bbox 397 2285 538 2345; x_wconf 84' lang='lat' dir='ltr'><strong>adversus</strong></span> <span class='ocrx_word' id='word_1_138' title='bbox 558 2283 675 2363; x_wconf 77' lang='lat' dir='ltr'><strong>linguas</strong></span> <span class='ocrx_word' id='word_1_139' title='bbox 696 2284 912 2343; x_wconf 85' lang='lat' dir='ltr'><strong>hoereticorum</strong></span> <span class='ocrx_word' id='word_1_140' title='bbox 940 2292 974 2345; x_wconf 87' lang='lat' dir='ltr'><strong>et</strong></span> <span class='ocrx_word' id='word_1_141' title='bbox 993 2290 1049 2347; x_wconf 88' lang='lat' dir='ltr'><strong>im·</strong></span> <span class='ocrx_word' id='word_1_142' title='bbox 1081 2276 1086 2283; x_wconf 45' lang='lat'>⁸</span> 
     </span>
     <span class='ocr_line' id='line_1_21' title="bbox 98 2366 1087 2466; baseline 0.003 -23"><span class='ocrx_word' id='word_1_143' title='bbox 98 2386 164 2465; x_wconf 82' lang='lat' dir='ltr'><strong>pias</strong></span> <span class='ocrx_word' id='word_1_144' title='bbox 188 2386 346 2466; x_wconf 83' lang='lat' dir='ltr'><strong>opiniones,</strong></span> <span class='ocrx_word' id='word_1_145' title='bbox 366 2384 440 2444; x_wconf 87' lang='lat' dir='ltr'><strong>haec</strong></span> <span class='ocrx_word' id='word_1_146' title='bbox 460 2385 539 2444; x_wconf 87' lang='lat' dir='ltr'><strong>enirn</strong></span> <span class='ocrx_word' id='word_1_147' title='bbox 556 2384 680 2442; x_wconf 79' lang='lat' dir='ltr'><strong>maxima</strong></span> <span class='ocrx_word' id='word_1_148' title='bbox 701 2387 731 2440; x_wconf 89' lang='lat' dir='ltr'><strong>et</strong></span> <span class='ocrx_word' id='word_1_149' title='bbox 750 2383 925 2461; x_wconf 78' lang='lat' dir='ltr'><strong>principalis</strong></span> <span class='ocrx_word' id='word_1_150' title='bbox 940 2403 1048 2466; x_wconf 71' lang='lat' dir='ltr'><strong>pugna</strong></span> <span class='ocrx_word' id='word_1_151' title='bbox 1084 2366 1087 2375; x_wconf 45' lang='lat'>¹</span> 
     </span>
     <span class='ocr_line' id='line_1_22' title="bbox 101 2482 1047 2561; baseline 0.002 -18"><span class='ocrx_word' id='word_1_152' title='bbox 101 2486 230 2545; x_wconf 73' lang='lat' dir='ltr'><strong>Sotenm</strong></span> <span class='ocrx_word' id='word_1_153' title='bbox 252 2490 298 2544; x_wconf 87' lang='lat' dir='ltr'><strong>est</strong></span> <span class='ocrx_word' id='word_1_154' title='bbox 328 2490 431 2544; x_wconf 89' lang='lat' dir='ltr'><strong>contra</strong></span> <span class='ocrx_word' id='word_1_155' title='bbox 463 2483 632 2544; x_wconf 84' lang='lat' dir='ltr'><strong>ecclesiam:</strong></span> <span class='ocrx_word' id='word_1_156' title='bbox 673 2482 752 2540; x_wconf 90' lang='lat' dir='ltr'><strong>hunc</strong></span> <span class='ocrx_word' id='word_1_157' title='bbox 773 2486 872 2539; x_wconf 82' lang='lat' dir='ltr'><strong>autem</strong></span> <span class='ocrx_word' id='word_1_158' title='bbox 893 2484 1047 2561; x_wconf 80' lang='lat' dir='ltr'><strong>psalmum</strong></span> 
     </span>
     <span class='ocr_line' id='line_1_23' title="bbox 97 2580 1046 2665; baseline 0.003 -24"><span class='ocrx_word' id='word_1_159' title='bbox 97 2583 197 2662; x_wconf 77' lang='lat' dir='ltr'><strong>indico</strong></span> <span class='ocrx_word' id='word_1_160' title='bbox 220 2601 285 2642; x_wconf 85' lang='lat' dir='ltr'><strong>esse</strong></span> <span class='ocrx_word' id='word_1_161' title='bbox 305 2584 497 2662; x_wconf 85' lang='lat' dir='ltr'><strong>compositum</strong></span> <span class='ocrx_word' id='word_1_162' title='bbox 512 2601 567 2665; x_wconf 86' lang='lat' dir='ltr'><strong>pro</strong></span> <span class='ocrx_word' id='word_1_163' title='bbox 581 2582 780 2642; x_wconf 81' lang='lat' dir='ltr'><strong>exhortatione</strong></span> <span class='ocrx_word' id='word_1_164' title='bbox 792 2580 933 2641; x_wconf 83' lang='lat' dir='ltr'><strong>bdelium.</strong></span> <span class='ocrx_word' id='word_1_165' title='bbox 965 2586 1046 2644; x_wconf 81' lang='lat' dir='ltr'><strong>Gon-</strong></span> 
     </span>
     <span class='ocr_line' id='line_1_24' title="bbox 96 2681 1046 2745; baseline 0.006 -6"><span class='ocrx_word' id='word_1_166' title='bbox 96 2682 174 2740; x_wconf 87' lang='lat' dir='ltr'><strong>tiuet</strong></span> <span class='ocrx_word' id='word_1_167' title='bbox 203 2682 279 2739; x_wconf 88' lang='lat' dir='ltr'><strong>enim</strong></span> <span class='ocrx_word' id='word_1_168' title='bbox 308 2681 469 2745; x_wconf 84' lang='lat' dir='ltr'><strong>doctrinam</strong></span> <span class='ocrx_word' id='word_1_169' title='bbox 493 2683 571 2741; x_wconf 89' lang='lat' dir='ltr'><strong>fidei.</strong></span> <span class='ocrx_word' id='word_1_170' title='bbox 625 2681 712 2738; x_wconf 89' lang='lat' dir='ltr'><strong>Fides</strong></span> <span class='ocrx_word' id='word_1_171' title='bbox 740 2686 839 2738; x_wconf 86' lang='lat' dir='ltr'><strong>autem</strong></span> <span class='ocrx_word' id='word_1_172' title='bbox 860 2684 907 2740; x_wconf 90' lang='lat' dir='ltr'><strong>est</strong></span> <span class='ocrx_word' id='word_1_173' title='bbox 935 2685 1046 2745; x_wconf 88' lang='lat' dir='ltr'><strong>notitia</strong></span> 
     </span>
     <span class='ocr_line' id='line_1_25' title="bbox 97 2780 1045 2859; baseline 0.004 -19"><span class='ocrx_word' id='word_1_174' title='bbox 97 2798 199 2840; x_wconf 86' lang='lat' dir='ltr'><strong>rerum</strong></span> <span class='ocrx_word' id='word_1_175' title='bbox 218 2780 404 2840; x_wconf 89' lang='lat' dir='ltr'><strong>invisibilium</strong></span> <span class='ocrx_word' id='word_1_176' title='bbox 426 2785 457 2839; x_wconf 89' lang='lat' dir='ltr'><strong>et</strong></span> <span class='ocrx_word' id='word_1_177' title='bbox 477 2780 756 2859; x_wconf 79' lang='lat' dir='ltr'><strong>exspectandarum,</strong></span> <span class='ocrx_word' id='word_1_178' title='bbox 786 2796 863 2854; x_wconf 86' lang='lat' dir='ltr'><strong>quae</strong></span> <span class='ocrx_word' id='word_1_179' title='bbox 882 2781 991 2842; x_wconf 80' lang='lat' dir='ltr'><strong>haeret</strong></span> <span class='ocrx_word' id='word_1_180' title='bbox 1012 2786 1045 2843; x_wconf 89' lang='lat' dir='ltr'><strong>in</strong></span> 
     </span>
     <span class='ocr_line' id='line_1_26' title="bbox 97 2870 1046 2958; baseline 0.004 -17"><span class='ocrx_word' id='word_1_181' title='bbox 97 2880 291 2958; x_wconf 77' lang='lat' dir='ltr'><strong>promissione</strong></span> <span class='ocrx_word' id='word_1_182' title='bbox 312 2882 342 2937; x_wconf 88' lang='lat' dir='ltr'><strong>et</strong></span> <span class='ocrx_word' id='word_1_183' title='bbox 362 2880 451 2938; x_wconf 86' lang='lat' dir='ltr'><strong>verbo</strong></span> <span class='ocrx_word' id='word_1_184' title='bbox 464 2877 529 2958; x_wconf 78' lang='lat' dir='ltr'><strong>Dei.</strong></span> <span class='ocrx_word' id='word_1_185' title='bbox 561 2878 640 2940; x_wconf 74' lang='lat' dir='ltr'><strong>cuia</strong></span> <span class='ocrx_word' id='word_1_186' title='bbox 660 2870 758 2936; x_wconf 75' lang='lat' dir='ltr'><strong>eutem</strong></span> <span class='ocrx_word' id='word_1_187' title='bbox 780 2879 904 2937; x_wconf 87' lang='lat' dir='ltr'><strong>verbum</strong></span> <span class='ocrx_word' id='word_1_188' title='bbox 914 2878 974 2940; x_wconf 87' lang='lat' dir='ltr'><strong>Dei</strong></span> <span class='ocrx_word' id='word_1_189' title='bbox 995 2888 1046 2944; x_wconf 83' lang='lat' dir='ltr'><strong>cet</strong></span> 
     </span>
     <span class='ocr_line' id='line_1_27' title="bbox 97 2976 1045 3056; baseline 0.005 -20"><span class='ocrx_word' id='word_1_190' title='bbox 97 2995 190 3055; x_wconf 84' lang='lat' dir='ltr'><strong>snper</strong></span> <span class='ocrx_word' id='word_1_191' title='bbox 209 2996 322 3038; x_wconf 86' lang='lat' dir='ltr'><strong>omnem</strong></span> <span class='ocrx_word' id='word_1_192' title='bbox 343 2983 462 3056; x_wconf 81' lang='lat' dir='ltr'><strong>captum</strong></span> <span class='ocrx_word' id='word_1_193' title='bbox 473 2976 605 3047; x_wconf 89' lang='lat' dir='ltr'><strong>bominis,</strong></span> <span class='ocrx_word' id='word_1_194' title='bbox 627 2978 658 3033; x_wconf 91' lang='lat' dir='ltr'><strong>et</strong></span> <span class='ocrx_word' id='word_1_195' title='bbox 667 2994 743 3051; x_wconf 88' lang='lat' dir='ltr'><strong>quac</strong></span> <span class='ocrx_word' id='word_1_196' title='bbox 757 2979 914 3055; x_wconf 85' lang='lat' dir='ltr'><strong>promittit,</strong></span> <span class='ocrx_word' id='word_1_197' title='bbox 927 2984 982 3039; x_wconf 87' lang='lat' dir='ltr'><strong>aut</strong></span> <span class='ocrx_word' id='word_1_198' title='bbox 991 2984 1045 3041; x_wconf 79' lang='lat' dir='ltr'><strong>ab·</strong></span> 
     </span>
     <span class='ocr_line' id='line_1_28' title="bbox 97 3074 1044 3154; baseline 0.004 -18"><span class='ocrx_word' id='word_1_199' title='bbox 97 3076 190 3137; x_wconf 85' lang='lat' dir='ltr'><strong>surda</strong></span> <span class='ocrx_word' id='word_1_200' title='bbox 210 3080 262 3136; x_wconf 89' lang='lat' dir='ltr'><strong>ant</strong></span> <span class='ocrx_word' id='word_1_201' title='bbox 291 3074 500 3154; x_wconf 88' lang='lat' dir='ltr'><strong>impossibilia,</strong></span> <span class='ocrx_word' id='word_1_202' title='bbox 530 3076 582 3132; x_wconf 85' lang='lat' dir='ltr'><strong>ent</strong></span> <span class='ocrx_word' id='word_1_203' title='bbox 610 3075 699 3132; x_wconf 86' lang='lat' dir='ltr'><strong>etiam</strong></span> <span class='ocrx_word' id='word_1_204' title='bbox 724 3076 910 3135; x_wconf 86' lang='lat' dir='ltr'><strong>incredibilia</strong></span> <span class='ocrx_word' id='word_1_205' title='bbox 928 3082 1044 3140; x_wconf 87' lang='lat' dir='ltr'><strong>rationi</strong></span> 
     </span>
    </p>

    <p class='ocr_par' dir='ltr' id='par_1_9' title="bbox 68 3160 1075 3755">
     <span class='ocr_line' id='line_1_29' title="bbox 68 3160 1045 3253; baseline 0.003 -20"><span class='ocrx_word' id='word_1_206' title='bbox 68 3160 73 3165; x_wconf 35' lang='lat'>¹</span> <span class='ocrx_word' id='word_1_207' title='bbox 95 3172 241 3244; x_wconf 83' lang='lat' dir='ltr'><strong>videntur,</strong></span> <span class='ocrx_word' id='word_1_208' title='bbox 262 3175 332 3233; x_wconf 87' lang='lat' dir='ltr'><strong>ideo·</strong></span> <span class='ocrx_word' id='word_1_209' title='bbox 350 3192 424 3253; x_wconf 85' lang='lat' dir='ltr'><strong>opus</strong></span> <span class='ocrx_word' id='word_1_210' title='bbox 445 3177 492 3233; x_wconf 88' lang='lat' dir='ltr'><strong>est</strong></span> <span class='ocrx_word' id='word_1_211' title='bbox 509 3173 562 3242; x_wconf 81' lang='lat' dir='ltr'><strong>iis,</strong></span> <span class='ocrx_word' id='word_1_212' title='bbox 584 3174 635 3248; x_wconf 88' lang='lat' dir='ltr'><strong>qui</strong></span> <span class='ocrx_word' id='word_1_213' title='bbox 655 3182 816 3251; x_wconf 87' lang='lat' dir='ltr'><strong>coeperunt</strong></span> <span class='ocrx_word' id='word_1_214' title='bbox 837 3176 972 3251; x_wconf 87' lang='lat' dir='ltr'><strong>credere,</strong></span> <span class='ocrx_word' id='word_1_215' title='bbox 994 3200 1045 3241; x_wconf 77' lang='lat' dir='ltr'><strong>aa·</strong></span> 
     </span>
     <span class='ocr_line' id='line_1_30' title="bbox 97 3263 1064 3357; baseline 0.006 -24"><span class='ocrx_word' id='word_1_216' title='bbox 97 3271 193 3333; x_wconf 79' lang='lat' dir='ltr'><strong>sidvda</strong></span> <span class='ocrx_word' id='word_1_217' title='bbox 211 3263 476 3343; x_wconf 80' lang='lat' dir='ltr'><strong>exhortationibus3</strong></span> <span class='ocrx_word' id='word_1_218' title='bbox 502 3275 538 3330; x_wconf 88' lang='lat' dir='ltr'><strong>ut</strong></span> <span class='ocrx_word' id='word_1_219' title='bbox 565 3272 788 3330; x_wconf 81' lang='lat' dir='ltr'><strong>exstimulentur</strong></span> <span class='ocrx_word' id='word_1_220' title='bbox 808 3272 954 3335; x_wconf 75' lang='lat' dir='ltr'><strong>adversm</strong></span> <span class='ocrx_word' id='word_1_221' title='bbox 976 3298 1064 3357; x_wconf 81' lang='lat' dir='ltr'><strong>car-.¹</strong></span> 
     </span>
     <span class='ocr_line' id='line_1_31' title="bbox 92 3366 1045 3455; baseline 0.003 -24"><span class='ocrx_word' id='word_1_222' title='bbox 92 3376 172 3443; x_wconf 78' lang='lat' dir='ltr'><strong>&#39;nem,</strong></span> <span class='ocrx_word' id='word_1_223' title='bbox 192 3390 269 3448; x_wconf 85' lang='lat' dir='ltr'><strong>quae</strong></span> <span class='ocrx_word' id='word_1_224' title='bbox 288 3371 395 3437; x_wconf 82' lang='lat' dir='ltr'><strong>militet</strong></span> <span class='ocrx_word' id='word_1_225' title='bbox 415 3380 519 3434; x_wconf 85' lang='lat' dir='ltr'><strong>contra</strong></span> <span class='ocrx_word' id='word_1_226' title='bbox 537 3366 625 3427; x_wconf 84' lang='lat' dir='ltr'><strong>iidem</strong></span> <span class='ocrx_word' id='word_1_227' title='bbox 645 3374 676 3429; x_wconf 90' lang='lat' dir='ltr'><strong>et</strong></span> <span class='ocrx_word' id='word_1_228' title='bbox 695 3373 830 3444; x_wconf 87' lang='lat' dir='ltr'><strong>verbum,</strong></span> <span class='ocrx_word' id='word_1_229' title='bbox 853 3393 892 3432; x_wconf 89' lang='lat' dir='ltr'><strong>ne</strong></span> <span class='ocrx_word' id='word_1_230' title='bbox 913 3378 1045 3455; x_wconf 74' lang='lat' dir='ltr'><strong>spiritua</strong></span> 
     </span>
     <span class='ocr_line' id='line_1_32' title="bbox 97 3466 1045 3549; baseline 0.006 -18"><span class='ocrx_word' id='word_1_231' title='bbox 97 3470 182 3549; x_wconf 82' lang='lat' dir='ltr'><strong>qnasi</strong></span> <span class='ocrx_word' id='word_1_232' title='bbox 203 3474 381 3549; x_wconf 71' lang='lat' dir='ltr'><strong>aggravatus</strong></span> <span class='ocrx_word' id='word_1_233' title='bbox 407 3470 465 3529; x_wconf 89' lang='lat' dir='ltr'><strong>isto</strong></span> <span class='ocrx_word' id='word_1_234' title='bbox 492 3466 625 3547; x_wconf 82' lang='lat' dir='ltr'><strong>pondere</strong></span> <span class='ocrx_word' id='word_1_235' title='bbox 645 3469 741 3527; x_wconf 91' lang='lat' dir='ltr'><strong>carnis</strong></span> <span class='ocrx_word' id='word_1_236' title='bbox 770 3469 860 3547; x_wconf 84' lang='lat' dir='ltr'><strong>plane</strong></span> <span class='ocrx_word' id='word_1_237' title='bbox 886 3474 1045 3537; x_wconf 85' lang='lat' dir='ltr'><strong>nibil-co-</strong></span> 
     </span>
     <span class='ocr_line' id='line_1_33' title="bbox 95 3554 1045 3655; baseline 0.005 -25"><span class='ocrx_word' id='word_1_238' title='bbox 95 3572 172 3651; x_wconf 76' lang='lat' dir='ltr'><strong>gitet</strong></span> <span class='ocrx_word' id='word_1_239' title='bbox 192 3571 229 3630; x_wconf 89' lang='lat' dir='ltr'><strong>de</strong></span> <span class='ocrx_word' id='word_1_240' title='bbox 249 3568 450 3637; x_wconf 89' lang='lat' dir='ltr'><strong>invisibilibus,</strong></span> <span class='ocrx_word' id='word_1_241' title='bbox 471 3586 507 3625; x_wconf 88' lang='lat' dir='ltr'><strong>ac</strong></span> <span class='ocrx_word' id='word_1_242' title='bbox 527 3570 608 3625; x_wconf 90' lang='lat' dir='ltr'><strong>totus</strong></span> <span class='ocrx_word' id='word_1_243' title='bbox 629 3569 780 3644; x_wconf 78' lang='lat' dir='ltr'><strong>mergatur</strong></span> <span class='ocrx_word' id='word_1_244' title='bbox 793 3571 823 3626; x_wconf 94' lang='lat' dir='ltr'><strong>in</strong></span> <span class='ocrx_word' id='word_1_245' title='bbox 837 3572 930 3631; x_wconf 83' lang='lat' dir='ltr'><strong>robus</strong></span> <span class='ocrx_word' id='word_1_246' title='bbox 950 3554 1045 3655; x_wconf 63' lang='lat' dir='ltr'><strong>prae·</strong></span> 
     </span>
     <span class='ocr_line' id='line_1_34' title="bbox 96 3656 1075 3755; baseline -0.012 -23"><span class='ocrx_word' id='word_1_247' title='bbox 96 3670 230 3732; x_wconf 82' lang='lat' dir='ltr'><strong>sentibus</strong></span> <span class='ocrx_word' id='word_1_248' title='bbox 249 3672 280 3729; x_wconf 92' lang='lat' dir='ltr'><strong>et</strong></span> <span class='ocrx_word' id='word_1_249' title='bbox 298 3666 470 3753; x_wconf 73' lang='lat' dir='ltr'><strong>visibilibus.¹</strong></span> <span class='ocrx_word' id='word_1_250' title='bbox 511 3666 621 3727; x_wconf 84' lang='lat' dir='ltr'><strong>Nostra</strong></span> <span class='ocrx_word' id='word_1_251' title='bbox 640 3665 716 3723; x_wconf 87' lang='lat' dir='ltr'><strong>cuim</strong></span> <span class='ocrx_word' id='word_1_252' title='bbox 736 3668 797 3726; x_wconf 82' lang='lat' dir='ltr'><strong>rita</strong></span> <span class='ocrx_word' id='word_1_253' title='bbox 828 3656 908 3731; x_wconf 79' lang='lat' dir='ltr'><strong>inter</strong></span> <span class='ocrx_word' id='word_1_254' title='bbox 927 3668 1044 3755; x_wconf 53' lang='lat' dir='ltr'><strong>perp,h</strong></span> <span class='ocrx_word' id='word_1_255' title='bbox 1072 3714 1075 3719; x_wconf 91' lang='lat'>.</span> 
     </span>
    </p>
   </div>
   <div class='ocr_carea' id='block_1_6' title="bbox 0 0 1100 4064">
    <p class='ocr_par' dir='ltr' id='par_1_10' title="bbox 0 0 1100 4064">
     <span class='ocr_line' id='line_1_35' title="bbox 0 0 1100 4064; baseline 0 2"><span class='ocrx_word' id='word_1_256' title='bbox 0 0 1100 4064; x_wconf 95' lang='lat' dir='ltr'><strong> </strong></span> 
     </span>
    </p>
   </div>
   <div class='ocr_carea' id='block_1_7' title="bbox 95 3902 399 4002">
    <p class='ocr_par' dir='ltr' id='par_1_11' title="bbox 95 3902 399 4002">
     <span class='ocr_line' id='line_1_36' title="bbox 95 3902 399 4002; baseline -0.026 -14"><span class='ocrx_word' id='word_1_257' title='bbox 95 3902 143 3988; x_wconf 49' lang='grc' dir='ltr'><strong>,Α</strong></span> <span class='ocrx_word' id='word_1_258' title='bbox 375 3914 399 4002; x_wconf 74' lang='grc'><strong>,,’</strong></span> 
     </span>
    </p>
   </div>
  </div>
 </body>
</html>
