2190 4064
190 200 200 321 Ἰ
321 238 324 243 ·
403 232 412 323 '.
464 227 674 295 Psalminr.
818 216 821 223 '
886 300 890 311 ,
972 178 1057 329 saw

55 383 158 445 oratio
181 382 246 441 uon
268 382 315 441 est
335 364 526 460 battologia,¹
547 378 602 439 sed
622 378 730 439 ardens
751 364 1020 441 desiderinmcon·

53 460 104 542 ica
126 474 234 539 illam
249 495 382 557 pugnam
404 479 518 551 carnis,
545 496 633 555 quam
653 481 824 549 sentimus,
855 485 903 551 ut,
927 481 1018 552 ,sicut

54 578 203 641 abundat
218 594 328 637 'sensus
349 576 473 659 peccati,
490 579 536 636 'iia
557 578 645 636 etiam
664 577 795 655 abundet
807 563 808 566 ¹
822 596 928 638 sensus
948 597 1017 658 pra·
1047 568 1068 660 ,'

55 681 131 754 tiae.
155 681 191 737 et
218 675 383 737 consolatio
410 676 542 754 spiritus.
584 676 653 735 ideo
688 678 776 737 etiam
808 679 839 736 in
870 675 1017 739 Zacharia

55 777 261 855 conjungitur
281 775 405 855 spiritus
426 776 541 854 gratiae
563 779 593 852 et
613 794 744 854 precum.
775 777 821 836 Pii
842 779 920 847 anim
940 797 1016 839 sem·
1048 812 1051 818 ·

55 895 114 956 per
137 873 317 952 loquuntur,
339 870 424 951 quasi
445 876 505 933 sint
523 879 706 952 peccatores,
727 877 805 936 sicut
826 881 895 936 sunt
918 879 1017 951 eham,

56 976 112 1036 scd
138 970 213 1052 quia
233 977 265 1033 in
286 975 412 1034 veritate
432 979 517 1045 sunt,
551 975 715 1054 diliguntur
736 994 754 1034 a
773 975 855 1047 Deo,
875 981 923 1043 ,et
943 983 1015 1038 sunt

55 1077 87 1155 in
108 1075 227 1154 gratia.
253 1073 313 1132 Hic
334 1077 432 1133 autem
451 1093 559 1139 ,sensus
576 1076 699 1153 gratiae,
720 1077 790 1151 quia
805 1073 946 1153 infirmior
967 1081 1015 1137 cst

54 1178 191 1253 propter
211 1191 353 1243 carnem,
382 1173 448 1233 ideo
476 1174 565 1251 etiam
579 1192 659 1245 ‚eum
680 1174 796 1234 habeut·
813 1176 1024 1237 remissionem·

55 1277 275 1353 peccatorum,
306 1279 406 1331 tamen
435 1272 635 1333 remissionem
665 1277 856 1352 peccatorum
877 1281 1015 1337 orantei

55 1375 199 1453 gemunt.
234 1371 347 1431 Contra
378 1373 475 1431 securi
502 1378 675 1451 peccatores
697 1374 815 1435 dicunt:
856 1373 938 1455 „Ago
959 1377 1014 1437 tibi

55 1470 282 1554 protinaquod
292 1472 639 1544 nonaum-sicutceteri,“
653 1474 731 1532 sicut
741 1473 790 1532 ille
802 1474 883 1553 apud
890 1475 1025 1535 Lucam·

141 1572 234 1631 Haec
256 1575 303 1631 est
323 1586 422 1642 causa,
440 1588 498 1630 cur
519 1572 587 1650 pius
607 1575 692 1649 petat
714 1574 853 1649 gratiam,
882 1575 933 1651 qui
950 1574 1014 1652 jam

53 1673 162 1752 coepit
175 1690 243 1731 esse
262 1671 341 1749 pius,
363 1673 393 1728 et
413 1670 505 1728 habat
524 1675 645 1747 gustum
656 1670 746 1748 hujus
767 1670 928 1749 doctrinae.
955 1672 1015 1734 Hic

50 1776 174 1854 ¹gustus
194 1772 340 1848 provocat
369 1769 510 1846 majorem
543 1769 637 1840 sitim,
674 1788 742 1827 nam
775 1771 863 1829 animi
884 1771 1015 1842 nondum

51 1870 261 1947 aequiescunt
280 1870 312 1926 in
332 1855 472 1947 primitiis
494 1870 633 1946 spiritus,¹
648 1867 701 1928 sad
721 1869 849 1929 libenter
869 1858 1030 1931 haberent¹

49 1967 294 2052 plenitudinem,
316 1966 515 2027 sicuiPaulus
538 1969 624 2028 dicit:
641 1967 808 2038 ·„Nondum
829 1967 1013 2047 apprehendi
1056 1992 1059 2001 ·

53 2068 193 2131 necdum
223 2067 375 2146 perfectus
402 2085 484 2139 sum,
518 2067 571 2127 sed
593 2073 707 2139 sector,
731 2068 760 2127 si
780 2067 1011 2147 apprehendam,

55 2171 145 2231 sicut
167 2166 372 2245 apprehensus
409 2172 502 2224 sum.“
543 2167 672 2246 Philipp.
693 2166 736 2227 3.
766 2164 814 2225 hd
844 2167 927 2227 hunc
952 2184 1013 2227 mo·
1039 2184 1042 2191 ’

54 2269 135 2329 dum
157 2265 254 2325 David
275 2265 324 2324 hic
344 2260 435 2323 otiam
453 2265 541 2336 iacit,
573 2268 657 2343 qnasi
689 2266 784 2325 dicat:
827 2266 896 2324 Scio
916 2268 948 2324 to
969 2265 1013 2329 di-

54 2370 160 2448 iigere
184 2367 271 2424 istam
292 2364 454 2434 veritatem,
478 2383 566 2440 quam
583 2367 617 2428 ¹in
639 2384 685 2424 me
702 2364 833 2444 coepisti,
854 2362 903 2422 fac
917 2362 1013 2434 modo,

55 2473 95 2529 ut
129 2456 242 2526 certius
271 2464 506 2544 apprehendam,
538 2466 569 2523 et
590 2450 635 2521 'ne
662 2462 802 2522 dubitem.
847 2460 1014 2521 Confitetur

56 2568 144 2629 enim
164 2565 311 2624 maiitiam
337 2565 436 2623 carnis
457 2564 592 2632 nostrae,
614 2562 708 2638 quod,
739 2562 853 2621 etiamsi
883 2559 1013 2621 mundus

58 2685 135 2728 cum
154 2664 298 2724 molestiis
320 2667 353 2722 eb
372 2662 615 2741 occupationibus
636 2663 698 2720 suis
719 2679 777 2722 non
798 2664 892 2732 esset,
914 2663 1015 2719 tamen

58 2786 118 2828 nos
140 2767 197 2844 ipsi
219 2764 304 2822 nobis
331 2763 536 2832 adversamur,
560 2764 591 2820 et
624 2776 791 2843 pugnamus
813 2752 923 2818 contra
936 2754 1015 2818 hanc

58 2865 257 2945 sapientiam,
291 2880 347 2920 nec
378 2861 443 2921 vult
474 2879 543 2921 caro
573 2864 678 2919 nostra
705 2859 737 2918 id
767 2858 907 2927 credero,
934 2861 966 2916 et
985 2858 1013 2916 ei

58 2964 211 3035 assentiri,
234 2960 315 3040 qnod
338 2959 477 3020 docemus
500 2965 531 3019 et
551 2959 686 3018 dicimus.

503 3058 574 3117 Viti.
997 3112 1000 3121 .

58 3147 294 3242 Adspergcs
314 3178 370 3218 me
392 3159 541 3219 domine
560 3158 707 3235 hysopo
729 3159 768 3214 et
788 3155 1012 3228 mundabo-r,
1073 3188 1082 3211 .

125 3261 283 3321 lavabis
302 3277 357 3317 me
377 3263 415 3318 et
436 3242 700 3337 supernivem
722 3252 950 3313 dealbabor.
1011 3286 1017 3321 ,-

52 3390 56 3397 ·
147 3360 304 3418 Hactenus
324 3359 355 3415 in
375 3376 485 3436 genere
507 3355 657 3415 damnavit
681 3353 830 3433 propheta
849 3371 949 3413 omnes
966 3352 1016 3430 ju-¹

63 3462 173 3531 stitiaa
196 3457 358 3550 sapientias
381 3460 412 3515 et
431 3457 580 3527 radiatas,
602 3459 633 3515 et
647 3452 791 3534 praetulit
804 3451 884 3512 illam
898 3452 1018 3528 unicam

21 3564 24 3570 '
63 3563 234 3628 rotimum,
255 3573 332 3632 quae
352 3559 399 3615 ast
419 3555 720 3629 inabscondito,nsau
735 3553 918 3632 sapientiam,
939 3566 1016 3625 quaa
1066 3550 1069 3554 ’

68 3665 117 3749 aaa
145 3660 177 3718 in
208 3656 474 3731 mysteriaque
505 3653 664 3721 muitetur
689 3656 827 3733 mecam,
859 3650 1017 3727 stuperet
