2190 4064
397 106 664 197 'Psa-lmidt.
766 94 769 101 ¹
841 156 844 161 .
980 111 1023 173 ω

43 267 101 325 tor
126 266 193 323 aut
215 258 366 332 comiter,
397 258 493 339 qualis
513 264 548 319 tu
567 278 615 331 es,
632 258 696 336 ont
723 232 822 321 ¹torres
842 262 874 320 et
892 260 1022 323 intentas

42 365 206 432 mortem,
231 359 287 419 sed
308 364 356 419 est
372 359 543 419 ¹misericors
563 374 655 437 super
675 344 857 437 peccatores,
880 365 926 427 ost
946 362 1022 423 iute-

44 478 107 539 ger
132 465 171 519 et
193 460 406 538 incorruptus,
433 461 511 547 pius.
532 462 561 517 et
585 457 703 535 justus:
731 458 783 519 tali
804 448 873 523 Deo*
889 461 1019 539 peccari,

45 579 115 630 non
138 559 272 639 peccavi
301 562 428 633 manno
460 562 513 617 aut
539 557 711 617 homicidae
753 558 847 638 igitur
867 561 936 632 tibi,
968 562 1019 657 qui

46 666 215 737 tyrannm
229 649 276 719 *et
305 657 451 717 homicida
473 675 523 726 cs,
544 674 603 715 uon
624 660 670 716 est
687 657 738 736 jus
765 658 885 735 aliquod
905 660 937 717 in
956 678 1017 721 mo:

47 758 121 821 Deo
142 742 201 836 jus
224 762 286 827 est,
319 759 370 834 qui
391 758 437 816 cst
464 746 610 834 benignus
631 760 662 815 ct
684 757 820 829 clemens,
841 758 907 818 idco
929 759 1018 821 confi-

49 860 201 921 tentibus
234 860 395 936 paccatum
424 854 560 935 ignoscit
610 842 671 916 lllis
707 862 822 916 tantum
851 863 1016 932 succenset,

50 959 117 1019 illis
153 961 278 1017 tantum
296 940 448 1025 minatur,
476 956 528 1031 qui
564 972 649 1014 suam
673 956 885 1017 immunditiem
912 959 1018 1020 nolunt

52 1060 281 1139 cognoscereet
291 1059 484 1134 negantieum
499 1055 689 1133 essejustum
702 1056 732 1114 in
747 1057 929 1135 sermonibus
943 1060 1016 1119 suis·

144 1142 236 1231 Haec
258 1159 303 1215 est
324 1155 556 1233 pissinuntis,
583 1159 613 1214 et
632 1156 715 1235 bona
730 1155 889 1221 consolatio
910 1162 1017 1219 contra

54 1257 176 1319 diaboli
197 1254 316 1335 spicula
330 1253 490 1314 exercentis
506 1255 722 1326 conscientiam,
735 1255 789 1316 sed
805 1260 851 1316 cst
864 1236 1043 1333 catachre'f

56 1359 110 1430 sis,
133 1374 209 1417 nam
229 1371 399 1435 germanam
420 1342 598 1413 sententiam
619 1371 712 1433 snpra
727 1355 918 1417 ostendimus.
948 1357 1015 1418 Hoc

55 1462 167 1521 antem
188 1458 286 1517 Satan
316 1452 347 1509 in
367 1452 488 1512 consilio
521 1451 645 1522 habet‚·
663 1452 735 1511 dum
766 1455 809 1512 sic
829 1459 915 1515 vexat
935 1474 1016 1515 men·
1066 1510 1070 1517 .

55 1561 115 1628 tes,
139 1549 311 1632 objiciendo
331 1555 456 1630 peccata
477 1554 507 1609 ct
528 1550 728 1628 impuritatem
749 1548 894 1626 nostram,
915 1560 946 1614 et
965 1573 1017 1631 ur-

51 1655 164 1738 'gcndo
187 1651 228 1712 ad
248 1654 426 1730 perpetuam
446 1648 634 1721 munditiem,
665 1650 818 1735 utxiaciat
844 1670 898 1713 nos
925 1653 1015 1732 hujus
1041 1670 1047 1677 ·

56 1755 235 1817 sententiae
255 1749 393 1820 oblivisci,
415 1748 497 1826 quod
517 1747 696 1810 solusDcus·
708 1752 749 1811 sit
766 1752 869 1830 justus
884 1748 915 1814 et
930 1772 1016 1815 sauc-

56 1862 126 1929 tus,
158 1858 191 1914 ct
213 1851 329 1915 clama
359 1836 450 1910 sensu
475 1836 592 1927 peccati
611 1850 718 1929 ‚rapiat
739 1851 779 1911 ad
799 1853 1015 1935 satisfactiones

59 1962 93 2018 ct
110 1953 258 2015 fiduciam
277 1954 446 2009 nostrorum
459 1965 591 2027 operum.
634 1950 818 2027 (tuarchuic'
834 1953 913 2014 malo
933 1958 1016 2014 recto
1054 1940 1057 1945 ⁵

22 2130 25 2137 Ι
60 2055 238 2118 occurritur
257 2051 313 2111 hoc
333 2048 435 2118 modo,
457 2066 515 2123 quo
537 2048 611 2119 diri,
632 2052 667 2108 ut
688 2066 755 2110 cum
774 2050 883 2113 fiducia
905 2053 936 2110 in
957 2051 1014 2112 Dei

59 2151 301 2218 misericordiam
329 2153 360 2208 te
381 2149 511 2207 Satanae
542 2166 674 2227 opponas
697 2153 728 2208 ct
748 2149 844 2210 dicas:
886 2151 1017 2212 obmitto

60 2276 118 2328 mc,
143 2272 204 2313 non
225 2268 291 2310 sum
312 2252 365 2308 tua
386 2251 532 2308 creatura.
558 2248 607 2309 *si
627 2248 720 2326 igitur
733 2250 863 2327 peccavi,
885 2269 944 2314 nou
963 2269 1017 2330 pe-
1048 2252 1051 2257 '

61 2357 130 2417 cavi
151 2353 217 2422 tibi,
241 2347 377 2413 scdDeo
396 2365 470 2429 meo,
493 2346 543 2421 qui
564 2350 610 2405 est
626 2347 728 2425 justus
750 2352 780 2406 et
800 2347 912 2423 multae
928 2335 1018 2411 misc-

61 2454 222 2517 ricordiae.
265 2447 325 2513 Qui
347 2446 487 2511 adhunc
509 2445 626 2506 modum
648 2446 805 2506 confitetur
825 2467 857 2507 se
878 2448 933 2523 soli
948 2448 1015 2509 Deo

61 2570 227 2637 peccasse,
264 2550 289 2606 ia
317 2545 408 2604 habet
436 2544 532 2604 Deum
566 2540 787 2639 justificantem.
832 2542 911 2614 Quia
938 2550 1016 2609 enim

62 2654 166 2714 Deum
187 2644 333 2728 glorificat
353 2644 405 2703 illa
426 2644 616 2716 confessione,
638 2644 718 2721 quod
749 2646 787 2705 sit
808 2647 888 2717 solus
906 2649 1016 2725 justus,

62 2752 151 2813 Dens
174 2767 235 2809 nou
260 2749 362 2825 potest
390 2724 450 2825 non
477 2728 605 2804 vicissim
630 2763 697 2817 cum
728 2746 892 2825 glorificare
908 2746 1017 2824 justifi-

64 2849 194 2913 cando:
218 2846 343 2905 Faciunt
363 2845 455 2922 igitur
475 2835 532 2902 hoc
553 2845 596 2924 pii
616 2848 747 2916 tantum,
777 2847 827 2921 qui
855 2851 1017 2927 coeperunt

65 2927 198 3019 md,
217 2945 300 3025 mpii
320 2962 379 3003 non
399 2943 519 3004 aarum
907 2938 910 2943 ·

493 3049 562 3154 :vi

68 3232 174 3296 Ecce
194 3233 289 3291 enim
310 3232 349 3290 iu
379 3229 663 3306 iniquitatibus
684 3230 899 3307 conceptus
927 3246 1018 3310 sum,

128 3336 172 3403 st
191 3334 230 3392 iu
249 3333 431 3411 peccatis
452 3329 642 3409 concepit
657 3347 712 3389 mo
730 3332 858 3409 matter
875 3345 963 3389 moa.

154 3448 360 3535 Pulcherrimo
394 3432 497 3533 ordine
515 3442 708 3526 progreditur
733 3444 882 3525 propheta
900 3444 931 3501 in
948 3441 1021 3503 doo-

75 3551 156 3611 trina
177 3549 395 3629 poeniteutiae,
416 3538 571 3626 inorruit
589 3542 836 3616 meoniorum,
854 3544 887 3605 et
905 3539 1038 3620 scando.
1056 3552 1059 3561 ·
