2190 4064
422 252 562 313 Psalmi
584 251 631 311 ιιι.
742 208 745 213 ¹
955 256 989 311 ιι

22 384 25 394 ¹
47 390 51 407 ¹
67 410 162 469 ninum
175 404 423 485 slcpossetloqui
438 405 477 464 de
487 406 671 485 poenitentia
685 409 716 463 et
729 406 902 465 remissione
921 423 991 484 pec-

51 498 192 578 ¹selorum,
211 507 290 569 sicut
305 506 435 599 Spiritus¹
457 508 579 563 sanctus
601 508 631 563 in
640 505 700 564 hoc
712 502 826 584 psalmo
840 503 992 580 loquiturl

131 605 284 683 devulgo
304 604 353 663 ln'o
372 604 505 683 psalmus
516 604 716 683 poenitentiae
735 603 869 685 psalmus
890 602 994 682 appel-

67 706 132 785 latus
150 710 212 777 est,
242 710 282 787 et·
295 704 502 763 celeberrimus
524 709 571 764 est
591 706 668 763 inter
689 722 798 774 omnes,
820 704 850 761 in
871 702 996 781 templo-

68 822 121 865 rum
138 824 196 865 usu
217 809 249 863 et
270 802 449 880 quotidianis
461 804 692 883 precationibus,
715 809 745 863 et
761 821 833 862 sane
853 802 996 861 intellexit

68 904 179 980 aliquid,
200 904 251 979 qui
271 904 386 983 primus
406 902 486 962 hunc
505 903 625 962 titrdum
644 903 758 983 psalmo
779 902 900 961 indidit:
943 902 1004 961 sed¹

68 1004 285 1085 reliqua-turba,
307 1019 383 1077 quae
406 1006 537 1061 sumant
550 1002 840 1080 decantatquotidie,
862 1006 997 1071 autorat,

66 1106 94 1161 nt
111 1103 241 1177 absolvat
262 1102 410 1179 injunctas
432 1104 469 1159 eb
494 1103 640 1181 episcopis
662 1119 782 1181 operas,
809 1119 934 1182 prorsus
955 1103 999 1159 ni-

69 1184 292 1261 llil-intellexit*
314 1198 548 1280 Applicarerunt
572 1204 648 1260 enim
668 1199 816 1282 psalmum
838 1201 878 1260 ad
897 1203 999 1281 poeni·

67 1301 175 1361 tentiam
195 1319 332 1380 opernm,
358 1320 410 1359 seu
431 1306 587 1380 peccatum
609 1301 741 1374 actuale,
764 1302 843 1380 quod
864 1303 908 1362 sic
929 1300 1000 1360 deli·

67 1402 149 1472 niunt,
169 1420 236 1461 esse
258 1400 379 1471 dietum,
400 1401 512 1461 factum
533 1405 586 1461 eut
608 1404 773 1482 cogitatum·
781 1406 886 1462 contre
902 1401 999 1481 legem

34 1532 38 1537 ·
67 1500 119 1560 liei.
159 1501 222 1560 Sed
240 1500 316 1560 haec
337 1499 466 1561 definitio
494 1502 582 1581 longe
603 1508 650 1561 est
670 1504 833 1581 angustior,
855 1520 945 1578 quom
965 1508 1001 1560 ut

66 1602 169 1678 peceati
189 1599 423 1685 magnitudinem
445 1606 475 1659 et
494 1602 554 1659 vim
575 1602 611 1660 ob
632 1601 734 1660 oculos
754 1608 856 1680 ponat
898 1600 1000 1660 Altius

68 1700 133 1759 euim
151 1702 311 1779 peccatum
330 1692 565 1778 inspiciendum,
595 1705 625 1758 et
659 1699 743 1757 radix
764 1701 925 1778 impietatis
948 1718 1003 1761 seu

68 1784 170 1877 peccati
198 1799 308 1858 clarius
330 1797 515 1859 ostendenda
536 1804 615 1868 eret,
647 1817 705 1858 non
735 1799 909 1878 simpliciter
932 1804 1002 1861 eret

68 1899 254 1959 resistendum
287 1900 317 1956 in
351 1893 467 1958 actibus
512 1897 640 1970 elicitis,
677 1904 712 1959 ut
745 1903 899 1958 vocarunt.
955 1900 1003 1959 Ex

67 1996 113 2058 loc
146 2018 264 2070 errore,
302 1997 381 2076 quod
416 1984 574 2078 peceatum
608 2018 667 2059 non
698 2006 780 2059 reete
818 1998 1002 2079 intelligitur,

69 2096 132 2157 dius
164 2117 259 2169 error,
297 2102 331 2157 ut
350 2098 398 2169 lit,
435 2099 585 2170 nascitur,
614 2108 649 2158 nt
677 2119 774 2176 neque
802 2101 901 2179 gratio
931 2098 1003 2176 quid

68 2197 99 2255 sit
122 2196 314 2277 intelligatur.
364 2197 480 2257 decidit
508 2200 617 2277 igitur,
652 2207 687 2258 ut
716 2201 746 2257 iu
776 2199 925 2279 erigendis
949 2218 1004 2278 pa-

67 2296 131 2356 ridis
152 2300 349 2370 conscientiis,
371 2300 399 2357 in
423 2298 609 2358 consolandis
630 2301 779 2359 mentibus
801 2304 905 2360 contre
926 2315 1004 2358 mor·
1034 2320 1038 2327 ¹

66 2400 117 2455 lem
138 2402 169 2457 et
187 2389 396 2475 judiciumDei
418 2408 519 2458 essent
538 2399 722 2478 ineptissimi.
752 2400 906 2464 Quomodo
927 2400 1005 2457 enim

66 2496 204 2556 consolari
224 2502 334 2577 potest,
356 2497 509 2574 quiquid
529 2500 625 2577 gratia
639 2501 686 2571 sit,
699 2498 926 2577 nonintelligitl
946 2498 1004 2556 Er-

28 2598 35 2679 ,¹
65 2614 98 2675 go
118 2580 155 2655 ad
177 2595 230 2655 illa
252 2596 345 2656 stulta
365 2596 499 2677 prolapsi
520 2607 598 2670 sunt,
622 2603 656 2659 ut
676 2599 842 2659 hominibus
853 2598 1005 2676 oppressis

67 2697 258 2757 conscientiae
285 2688 436 2755 doloribus
465 2698 625 2757 suaderent
648 2697 796 2769 cucullos,
832 2696 952 2777 regulas
975 2699 1006 2755 et

66 2796 172 2855 similes
192 2814 304 2874 nugas,
332 2798 440 2872 quibus
458 2797 571 2876 placeri
591 2797 687 2857 Deum
710 2799 879 2856 credebaut.
922 2794 1007 2853 llaec
1033 2856 1036 2861 ,

65 2900 160 2954 sutem
183 2895 339 2954 manifesta
357 2898 526 2957 testimonia
547 2902 625 2969 suut,
648 2896 837 2974 quodneque
849 2898 1007 2975 peccatum

65 3014 117 3061 uec
137 2995 264 3075 gratiam
285 2999 368 3054 reete
389 2996 613 3067 intellexeruut,
641 3001 670 3054 et
699 2998 873 3077 simpliciter
894 2993 1007 3055 theolo-

29 3164 33 3171 Ι
64 3096 139 3175 glum
159 3094 333 3154 rationalem
354 3098 417 3154 sine
437 3097 527 3155 verbo
547 3096 604 3155 Dei
627 3096 764 3155 docuere.

23 3260 27 3271 Ι
143 3192 200 3254 Ad·
213 3193 339 3253 eundem
358 3195 477 3256 modum
491 3195 528 3254 de
546 3197 729 3276 poenitentia
741 3215 859 3274 quoquc
871 3198 1008 3267 docuere,

65 3290 98 3353 ιιι
116 3295 249 3354 lromlnes
271 3295 444 3374 colligerent
463 3297 555 3354 totius
576 3297 646 3354 euni
665 3298 821 3376 praeteriti
841 3300 1008 3374 transgres-

66 3394 170 3465 siones,
190 3398 221 3453 et
241 3394 279 3452 de
301 3395 337 3453 iis
358 3394 501 3467 dolerent,
522 3415 558 3456 ac
579 3397 780 3456 satislectione
794 3415 829 3455 ea
845 3398 1005 3474 expiarent.

68 3492 128 3552 Sed
151 3510 270 3580 qnueso,
292 3510 364 3552 num
381 3493 473 3572 judex
486 3495 552 3556 ideo
561 3495 657 3555 fureur
669 3514 726 3555 nou
741 3496 904 3575 suspendit,
927 3493 1007 3569 qrrod

68 3584 150 3651 audit
171 3610 239 3651 eum
259 3594 345 3653 lateri
364 3593 494 3667 imtum,
516 3600 545 3656 et
567 3596 667 3655 dolere
688 3595 794 3654 videti
823 3600 852 3654 et
874 3595 923 3653 isti
942 3593 1006 3650 Deo·

71 3692 111 3751 slc
131 3678 315 3783 utislaclum
333 3698 450 3773 putant,
471 3694 593 3769 scilicet,
617 3698 642 3759 si
666 3696 705 3759 ed
726 3697 811 3761 huuc
824 3695 957 3759 modum
965 3691 1024 3750 un-

87 3822 194 3885 ,4
