2190 4064
261 114 266 121 ’
347 130 686 228 'Fului-cxxix.
819 138 874 247 ἦ,
925 130 1032 194 771

8 270 21 285 ’
64 292 97 351 et
116 278 232 351 cultum
240 284 460 365 nubcbenss),
480 288 652 369 reputetis
673 284 759 346 nobis
779 284 884 365 putero
905 282 1021 343 editum

63 390 106 455 nil
127 390 442 474 Deumpern'ostrss'
467 391 678 474 cogitationen,
711 406 787 466 quos
808 387 847 448 de
866 388 931 448 Deo
951 407 1021 461 con·

62 501 195 580 cipimus
216 500 281 559 sine
301 499 392 558 verbo
415 498 495 575 ejus,
517 480 748 567 ricut'l'urnne,
769 492 878 554 ‚iudaei
907 496 938 552 et
965 510 1020 573 pe·

62 606 166 687 pistus
188 603 226 662 rie
242 601 306 663 De'o
326 601 529 683 speculantur,
550 604 604 660 ent
624 598 741 660 omnino
761 601 826 659 sino
846 599 946 670 verbo,
968 598 1021 658 u'nt

63 707 280 771 transformato
301 690 392 767 verbo
412 724 588 786 opermrne
608 704 758 766 sententis
777 702 819 763 sd
839 712 906 763 eom
925 702 1020 783 phun·
1072 750 1076 759 ,

48 812 176 875 ouum
207 830 262 873 scu
293 808 545 891 speculationem,
580 826 671 887 quom
698 808 756 890 ipsi
783 808 841 871 sihi
860 806 1020 868 finxerunt.

63 917 237 999 Prophetae
264 916 347 975 enim
370 922 479 975 norunt
498 932 601 975 verum
622 912 734 989 Deum,
767 920 937 991 quenquam
965 930 1021 974 sue

65 1030 179 1085 nesure
198 1021 333 1081 infinitus
354 1023 419 1091 est,
445 1023 546 1080 tamon
568 1019 717 1081 inclusum
737 1036 804 1082 esso
824 1019 855 1079 in
876 1020 1021 1099 propitia·

65 1128 188 1200 terium,
209 1129 257 1187 cui
279 1145 312 1187 se
333 1118 472 1203 attigerit
491 1127 593 1186 verbo.
635 1126 730 1205 igitur
751 1124 807 1186 etsi
832 1122 1022 1205 appellarent
1062 1193 1065 1197 ,

67 1230 165 1293 Deum
193 1231 267 1293 coeli
295 1234 326 1290 et
354 1233 519 1289 creatorem
548 1230 694 1302 omnium,
724 1234 826 1291 tomen
856 1230 934 1290 hanc
965 1248 1022 1291 ceu

67 1337 240 1419 propiorem
261 1339 292 1394 et
312 1336 380 1395 ideo
401 1337 558 1396 certiorem
578 1340 679 1395 uotum
701 1332 757 1413 Dei
779 1334 1022 1406 veri'lrabcbont,

68 1440 151 1520 quod
171 1446 280 1502 norunt
299 1458 368 1500 eum
388 1440 524 1500 habiture
544 1440 575 1499 in
595 1440 681 1501 Zion.
723 1439 846 1500 (ireturi
867 1441 960 1520 igitur
980 1424 1024 1501 rd'

67 1545 180 1619 Deum,
212 1549 266 1604 eut
286 1543 324 1603 dc
345 1542 409 1605 Deo
437 1545 656 1617 concionatum,
687 1544 837 1605 iaciebant
858 1543 890 1603 id
912 1520 1020 1604 secuu-

69 1650 140 1710 dum
164 1668 232 1710 eum
252 1647 388 1721 modum,
424 1665 483 1725 quo
506 1650 572 1729 ipse
592 1650 676 1711 Deus
707 1669 740 1711 se
762 1650 805 1711 cis
826 1648 857 1709 iu
878 1650 968 1711 verbo
989 1652 1021 1711 ct

68 1754 314 1838 promissionibus
334 1753 491 1815 revelaret.

42 1878 49 1887 ·
152 1860 257 1927 (iners
291 1860 350 1919 etsi
380 1858 477 1919 hoc
468 1880 499 1920 m
533 1861 599 1923 loco
642 1860 725 1924 nulle
757 1822 881 1923 additur
910 1859 1022 1921 mentio

70 1964 258 2027 tubernaculi
278 1982 335 2024 uec
355 1965 601 2044 promissionum,
622 1967 676 2028 sed
697 1966 817 2029 videtur
847 1965 1023 2047 simpliciter

16 2134 22 2139 ,
48 2068 151 2163 ¹loqui
163 2068 317 2140 aulicum,
337 2072 439 2128 tumen
460 2072 591 2132 tenendo
611 2076 761 2135 sententie
780 2073 856 2133 hoec
876 2076 932 2143 est,
954 2088 1022 2129 eum

70 2178 188 2235 tentum
208 2172 290 2250 loqui
318 2172 358 2233 sd
379 2171 492 2249 Deum,
529 2176 626 2255 qualis
648 2183 695 2238 est
723 2179 753 2237 in
773 2166 865 2249 verbo
887 2180 918 2235 et
939 2173 1024 2235 cultu

71 2298 139 2354 suo,
174 2281 254 2340 sicut
280 2296 335 2338 nos
355 2277 444 2339 hodie
465 2280 502 2341 rie
521 2281 586 2342 Deo
615 2300 673 2342 non
696 2281 785 2343 aliter
813 2280 946 2360 cogitare
967 2296 1024 2338 uec

71 2382 151 2464 loqui
173 2384 332 2456 debemus,
357 2402 448 2485 quom
471 2387 568 2483 qualis
589 2388 664 2447 esi
655 2405 687 2445 m
707 2391 809 2446 nostro
829 2403 901 2445 vcro
921 2384 1025 2465 propi·

72 2492 190 2552 tiutorm
201 2490 330 2548 consto
372 2488 418 2548 its
438 2493 515 2551 enim
526 2494 667 2552 christus
688 2491 763 2552 dicit
782 2490 821 2551 ed
833 2489 1023 2570 Philippumz
1068 2507 1077 2525 ι

11 2628 15 2661 ,2
72 2594 148 2669 „Qui
168 2612 219 2654 mo
233 2594 330 2667 videt,
351 2594 434 2655 videt
447 2600 566 2676 petrem
584 2603 712 2681 meumst‘
722 2594 759 2675 ⁸)
802 2596 892 2657 Item·
913 2594 1023 2667 „Nem

11 2740 17 2765 ;
72 2700 106 2777 sil
120 2684 245 2783 putrem
265 2701 356 2772 venit,
378 2700 436 2759 nisi
458 2720 514 2780 per
530 2708 607 2761 me.“
647 2700 733 2763 Haec
750 2701 963 2781 cognitionum
980 2702 1025 2758 te·
1089 2690 1094 2699 ¹

71 2812 167 2878 netur,
189 2808 263 2863 tunc
284 2805 349 2864 sine
368 2804 503 2885 periculo
525 2806 718 2886 potestlieus
740 2804 876 2865 conditor
896 2800 972 2862 coeli
993 2804 1030 2861 et·

11 2958 14 2971 .
68 2912 169 2973 ieme
187 2907 319 2980 odorari,
332 2913 363 2968 et
377 2915 458 2970 certo
475 2911 721 2991 apprehenditur.
751 2911 931 2986 Quanquam
945 2906 1024 2966 enim

65 3028 122 3077 suu
143 3016 258 3074 neturs
284 3018 315 3073 et
349 3018 433 3074 erico
458 3016 535 3076 hone
555 3017 766 3078 revelationem
792 3008 833 3078 sit
860 3014 1025 3094 incompre-

62 3112 226 3183 hensibilis
246 3120 278 3177 et
299 3114 448 3192 infinitus,
480 3124 581 3179 tamen
603 3122 633 3180 in
655 3124 744 3182 rcrbo
774 3139 828 3182 suo
848 3124 879 3180 et
898 3120 1025 3200 promis·

12 3298 24 3309 ι
59 3225 222 3295 sionibus,
243 3222 352 3298 quibus
374 3240 408 3283 se
429 3222 567 3296 involvit,
597 3230 644 3286 est
665 3227 765 3286 finitus
787 3230 818 3286 ot
833 3225 1025 3305 comprehen-

57 3328 174 3392 sibilis.
212 3326 425 3406 igiturJudeei
446 3329 485 3389 sd
506 3347 607 3391 orcum
628 3329 788 3391 odorantes
809 3349 913 3391 verum
926 3331 1024 3391 Deum

56 3434 285 3459 Nau-⁶⁸·-

136 3489 175 3558 2)
198 3488 348 3547 Quomodo
369 3492 525 3562 prophetoe
545 3489 579 3544 de
593 3490 655 3544 lion
675 3493 752 3564 inqui
772 3493 895 3557 rolornt,
914 3506 943 3549 ct
961 3510 1025 3548 eum

55 3578 250 3639 describere.
322 3582 355 3653 ὃ)
378 3583 466 3639 Exire
482 3585 623 3638 Christum
641 3583 719 3637 tiens
740 3602 791 3640 nec
811 3588 867 3643 coli
886 3603 939 3641 nec
958 3586 1026 3640 otio·

54 3680 125 3732 rari
147 3686 257 3747 potest.

54 3784 166 3836 Luttrcrt
182 3791 224 3847 Op.
241 3791 394 3843 exegetsvot.
409 3792 460 3833 ΧΧ.
541 3750 545 3759 ¹
793 3790 836 3847 Ὠ
