2190 4064
385 151 528 215 Psalmi
557 118 694 213 CXXX
784 155 789 167 “
962 116 1060 234 idi]

37 322 41 326 ·
70 306 149 368 taies
179 283 358 368 tentationes
387 311 418 365 et
446 304 584 385 pericula
600 290 829 376 sustineamus,
865 306 952 367 etiam
975 307 1021 364 via

69 410 215 473 discenda
236 415 298 482 est,
320 412 431 488 quoii,
454 412 505 487 qui
527 409 631 470 eadem
652 416 724 471 sunt
743 411 841 489 passi,
863 406 1020 469 emersere.

67 518 161 576 Vides
182 521 281 575 autem
294 514 455 587 Davidem,
476 515 549 592 quid
569 516 671 577 iaciat.
714 515 817 586 Vides,
839 533 897 592 quo
920 519 969 575 eat
989 516 1020 577 iu

67 622 130 700 iilis
144 618 382 681 difficultatibus'
408 620 471 681 Non
483 622 642 701 desperat,
665 622 719 682 sed
732 621 855 693 clamat,
876 625 1019 700 tauquam

66 732 154 789 certa
186 744 239 806 spo
271 724 371 785 auxilii
399 732 429 786 et
462 727 671 788 consolationis
697 727 814 789 reliota.
863 718 958 808 igitur
986 732 1020 791 tu

68 851 190 910 quoque
211 831 289 891 idem
311 835 423 893 sentias
447 839 477 894 et
488 833 589 893 sanias.
632 834 697 893 Non
713 835 791 893 enim
804 834 870 894 ideo
884 838 1035 894 tentatur¹

67 938 185 1012 David,
214 946 251 999 ut
271 938 421 1019 desperet.
463 938 567 1006 tiuare
584 922 638 998 'tu'
659 958 777 1017 quoque
808 959 847 998 ue
867 944 901 1000 ao
922 940 1019 999 auimo

67 1045 201 1124 accipias
229 1046 440 1117 tentationem,
474 1051 509 1107 ut
541 1045 572 1103 iu
603 1044 726 1104 tristitia
754 1050 785 1106 et
811 1045 1020 1124 desperatione

68 1151 156 1228 qnasi
177 1150 375 1211 absorbearis.
419 1152 452 1210 Si
475 1149 623 1212 deductus
646 1168 678 1211 es
700 1150 739 1210 ad
761 1148 934 1227 inieros⁸),
955 1169 1019 1211 cre·

68 1256 124 1316 das
147 1256 298 1315 domiuum
320 1274 404 1328 esse,
439 1258 491 1333 qui
513 1259 550 1317 ab
572 1258 675 1329 inieris
698 1257 768 1316 velit
788 1255 941 1316 reducere.
961 1272 964 1277 ·
985 1257 1018 1314 Si

66 1361 268 1421 comminutus
290 1366 320 1421 ot
341 1362 489 1422 contritus
511 1380 558 1434 as,
583 1364 661 1422 scias
683 1362 833 1422 dominnm
855 1378 937 1432 esse,
968 1360 1019 1438 qui

66 1468 177 1526 iterum
201 1484 308 1539 sanare
329 1470 359 1525 et
380 1465 493 1526 mederi
514 1467 595 1528 vetit.
650 1468 684 1526 si
715 1466 836 1526 tristitia
863 1464 952 1545 plena
973 1471 1021 1525 est

67 1573 168 1630 duima
189 1575 257 1643 tua,
271 1570 435 1650 'exspectes
456 1564 565 1631 iterum
587 1570 818 1633 consolationem
840 1572 879 1630 ab
895 1589 944 1641 eo,
967 1572 1018 1646 qui

65 1678 220 1753 promisit,
249 1660 426 1737 sauriiioiuus
449 1678 506 1736 sibi
528 1697 594 1738 esse
616 1678 754 1756 spiritum
775 1676 1017 1737 contribulatum.

65 1778 149 1838 vute
171 1786 271 1839 autern
300 1766 353 1842 est'
367 1782 398 1840 in
421 1783 532 1843 tatibus
552 1772 739 1867 paroxysmis
757 1781 863 1841 adesse
879 1774 1016 1854 'tratrem
1063 1761 1065 1765 ’

17 1874 28 1881 ”
65 1880 118 1961 q‘ui
137 1886 312 1946 consoletur
332 1906 386 1946 nos
407 1880 515 1960 serbo,
543 1888 637 1947 voluit
658 1882 736 1945 enirn
758 1886 840 1947 Deus
861 1886 1017 1949 ecclesiam

64 1986 110 2049 sir
132 2008 215 2060 esse,
234 1994 286 2050 ·ut
307 1982 532 2079 atter‘altarum
555 1991 742 2063 consoletur,
776 1999 807 2054 et
827 1994 964 2074 promisit
984 1980 1030 2054 se'

65 2094 189 2179 tertium
225 2095 305 2167 tore,
346 2116 415 2156 oum
444 2096 504 2157 duo
531 2099 705 2177 congregati
734 2084 807 2160 suut
842 2101 872 2158 in
900 2098 1028 2158 nomiuo'

63 2201 172 2280 ipsius,
193 2207 224 2260 et
245 2221 316 2260 sane
339 2202 469 2261 srstmum
490 2204 533 2262 sic
556 2206 689 2276 saucium
711 2203 783 2262 nihil
804 2222 900 2280 aeque
921 2204 1016 2282 erigit,

63 2324 157 2382 quam
175 2302 279 2365 audire
294 2307 450 2380 exitatus,
474 2308 554 2384 quod
568 2308 736 2386 hujusmodi
757 2312 889 2367 terrores
910 2309 1018 2366 immit·
1040 2319 1043 2327 '

61 2416 177 2482 tantur,
196 2430 255 2469 non
270 2417 305 2472 ut
320 2416 499 2491 pereamus,
522 2414 576 2473 sed
596 2419 631 2474 ut
651 2402 843 2491 humiliemur
866 2411 905 2470 ad
926 2398 1029 2489 agno!

62 2514 207 2574 scendum
229 2519 365 2595 gratiam,
386 2524 417 2576 et
438 2537 505 2577 cum
528 2520 693 2598 gratiarum
715 2519 831 2599 actione
852 2516 1019 2595 suscipien-

61 2620 143 2680 dam.
188 2620 303 2684 ttuodsi
323 2612 385 2681 hoc·
401 2625 551 2704 praesidio
580 2620 707 2700 fratrum
740 2621 876 2681 destituti
904 2638 1017 2690 sumus,

59 2725 120 2784 hoe
141 2724 310 2802 iaciendum
332 2731 394 2798 est,
423 2729 504 2805 quod
525 2722 622 2788 David
646 2730 702 2788 hoo
730 2729 760 2786 in
781 2725 846 2784 loco
868 2724 954 2795 iacit,
981 2730 1016 2785 ut

60 2831 244 2920 elamomuS,
275 2840 305 2890 et
326 2833 410 2893 huuc
431 2833 579 2912 psalmum
601 2852 669 2893 cum
690 2830 804 2892 Davide
826 2848 958 2900 oremus,
972 2830 1015 2889 .in

60 2954 122 3013 quo
145 2936 229 2995 vidos
252 2939 396 3015 gemitus,
431 2940 482 3014 qui
503 2941 633 3018 pingunt
661 2936 901 2997 snmmas'animi
922 2953 1026 3013 ungu--

57 3042 144 3111 stias,
168 3042 332 3118 exquibus
354 3045 428 3102 haec
450 3062 508 3102 non
531 3046 626 3102 otiosa
648 3040 878 3120 eopiaprotiuit,
900 3044 1014 3098 utnon

58 3145 160 3205 solum
182 3147 263 3204 dicat
285 3166 317 3206 se
340 3168 374 3206 ex
396 3150 504 3225 abysso
527 3146 665 3217 ciamare,
688 3145 844 3204 sedetiam
858 3143 1016 3204 admoueat

56 3251 160 3337 Deum
182 3254 427 3331 promissionum,
459 3258 494 3310 ut
515 3251 620 3310 audiat
641 3240 834 3320 clamantem,
862 3268 959 3327 usque
982 3244 1036 3306 id‘

57 3334 136 3416 satis
145 3366 199 3427 est,
222 3356 275 3415 sed
285 3357 369 3417 addit
378 3357 502 3416 tandem
515 3356 691 3415 senteutiam
707 3346 895 3414 commutatis
906 3354 1012 3412 verbis.

56 3505 276 3518 η--η

115 3542 172 3649 ἰ)-
190 3584 220 3638 n
241 3585 448 3641 sauroctonon·
471 3584 582 3655 pacem
612 3592 641 3637 et
667 3584 726 3637 noo
746 3580 800 3636 ner
815 3570 892 3652 ‘qum
918 3582 956 3636 ιιι
974 3582 1013 3635 n·

57 3679 203 3734 ciendumr
779 3672 784 3681 ’
1021 3676 1027 3691 ’
