2190 4064
43 201 162 324 ι,148
244 230 248 245 ’
305 199 307 210 Ι
489 234 707 295 Enariatio
798 246 852 288 ’.

120 393 324 471 peccator-mn,
348 386 417 448 ideo
438 405 496 447 non
520 387 781 475 simpliciter-'dicit
800 384 963 471 propheta:
983 368 1066 465 ,La-

120 472 251 561 ra'meff‘
271 488 328 573 sed!
346 476 518 568 ,5amplius“,
538 507 592 546 seu
603 487 1064 573 multumlarame,hudie,eras,

118 580 152 651 et
170 591 213 650 ita
234 588 377 667 deinceps
385 607 441 667 per
453 581 570 647 ‘omnem
583 589 682 658 vitam,
704 590 742 657 ab
758 582 988 666 inquinamentis
999 615 1065 656 cor-

84 764 88 771 ,
119 691 201 771 poris
222 694 264 749 et.
281 689 412 767 spiritns‚
433 691 468 747 nt
489 687 527 747 de
547 687 595 747 die
615 688 646 745 in
668 686 748 769 diem
762 689 828 748 iiam
840 678 945 752 fortior
955 699 986 754 et
999 714 1065 755 cer-

79 836 81 845 ,
119 791 178 850 tior
194 778 304 863 contra
321 787 453 847 terrores
473 786 557 866 legis,
578 787 671 846 donec
692 783 760 847 fiam
781 789 916 856 dominns
936 792 1011 873 legis
1033 799 1065 855 et

65 904 69 946 ·;
119 873 247 970 peccati,
267 906 324 966 per
344 870 882 968 pleropiroriam‘tuae-misericordiae
899 897 956 952 etc.
978 893 1069 955 Haec

119 994 166 1051 est
187 989 322 1069 doctmna
341 987 430 1065 hujus
451 987 558 1066 psalmi
579 990 609 1047 et
626 990 889 1069 perpetuanostra
910 993 1063 1075 schola‚in

77 1078 80 1085 ’
119 1104 179 1167 qua
198 1105 349 1165 nunqnam
366 1083 491 1164 perfecti
510 1087 645 1165 magistri
656 1086 822 1159 evademus,
843 1106 902 1149 non
925 1111 989 1164 nos,
1003 1112 1064 1155 non·

118 1188 259 1269 apostoli,
287 1205 346 1245 non
364 1186 546 1264 ,prophetae
595 1186 703 1245 Omnes
735 1189 812 1246 enim
832 1189 881 1248 hic
907 1180 1062 1254 manemus

118 1285 265 1368 discipuli,
281 1291 312 1345 et
324 1283 425 1346 omnes
438 1286 575 1364 petimus,
589 1282 662 1342 dum'
670 1286 803 1359 vivimus,
816 1289 943 1369 amplius
957 1291 1062 1355 lavari.

187 1388 265 1451 .Hae
274 1391 343 1446 sunt
357 1384 433 1443 duae
447 1387 548 1462 partes
557 1383 785 1461 justificationis.
808 1389 894 1459 Prior
909 1392 1063 1470 estgratia
1085 1404 1090 1425 “

105 1509 172 1571 ’ρετ
192 1488 345 1549 Christum
360 1483 509 1554 revelata,
540 1481 620 1558 quod
647 1476 703 1562 per
724 1485 876 1549 Christum
896 1484 1063 1553 habeamus

93 1575 269 1671 'placatum
288 1587 399 1656 Deum,
415 1588 460 1661 nt
480 1587 638 1662 peccatum
658 1585 784 1663 amplius
806 1596 864 1646 non
887 1593 984 1677 possit
998 1581 1062 1679 'nos

92 1677 95 1683 ¹
116 1708 273 1760 accusare,
302 1686 356 1746 sed
376 1684 555 1770 conscientie
576 1682 684 1760 fiducia
703 1682 921 1754 misericordiae
942 1688 1000 1771 Dei
1022 1694 1062 1752 sit

114 1790 240 1852 reducta
257 1789 290 1846 ‘in
311 1787 510 1853 securitatem.
547 1780 699 1865 Posterior
719 1789 765 1866 est
786 1772 904 1847 donatio
926 1791 1061 1869 Spiritus

95 1890 99 1898 '
115 1891 211 1951 sancti
226 1905 294 1967 cnm
309 1886 395 1943 donis
407 1883 477 1952 suis,
499 1882 549 1956 qni
559 1881 825 1946 illuminatcontra
836 1887 1061 1963 inquinamenta

114 1966 237 2070 spiritus
258 1989 289 2044 et
316 1984 432 2050 carnis,
458 1984 493 2039 ut
513 1980 707 2049 defendamur
726 1986 763 2043 ab
785 1987 971 2075 opinionibus
998 1992 1061 2053 dia·

112 2089 224 2156 helicis,
245 2084 353 2161 quibus
374 2083 474 2140 orbem
494 2085 642 2141 terrarum
661 2082 788 2161 seducit,
809 2091 845 2145 ut
865 2107 937 2148 vera
958 2076 1061 2173 cogni-

114 2191 156 2248 tio
177 2185 233 2245 Dei
257 2185 289 2241 in
306 2181 388 2241 'diem
407 2185 537 2272 crescat,
550 2181 628 2271 item
649 2181 707 2241 alia
727 2184 812 2256 dona,
836 2190 967 2261 castitas,
989 2193 1078 2253 obe·

114 2285 234 2354 dientia,
254 2281 408 2360 patientia,
427 2285 463 2340 ut
484 2298 592 2359 corpus
611 2285 787 2369 nostramet
798 2290 1060 2367 concupiscentiae

113 2383 319 2464 frangantur,
334 2381 371 2438 ne
399 2381 441 2439 eis
470 2379 649 2439 obediamus.
692 2381 768 2451 itui,
782 2384 837 2444 hoc
867 2386 978 2447 donum
999 2410 1060 2454 non

113 2486 235 2554 habent,
258 2483 365 2539 anteo
386 2496 444 2537 non
465 2480 507 2537 sic
529 2481 807 2550 utuntur-sedant
826 2485 972 2549 incarnis
995 2510 1061 2550 sor-

112 2583 177 2653 des,
199 2584 251 2640 aut
272 2578 396 2656 spiritus
416 2577 567 2648 labuntur,
587 2582 622 2637 ut
643 2579 706 2637 sine
728 2579 896 2645 discrimine
917 2586 1071 2668 dogmata

113 2682 210 2742 omnia
230 2679 371 2757 probent,
400 2675 480 2754 apud
500 2677 554 2735 hos
576 2676 743 2736 dominatur
763 2699 846 2754 caro,
868 2702 924 2744 uec
946 2697 1079 2751 norunt.

85 2847 90 2856 ,
112 2781 204 2850 tales,
226 2776 297 2854 quid
318 2775 433 2835 sithoc
454 2775 583 2853 Spiritus
605 2778 700 2835 sancti
720 2777 873 2855 balneum,
895 2789 976 2862 quod
998 2790 1061 2852 Β..

111 2879 160 2940 vid
180 2879 229 2936 hle
248 2876 332 2955 petit.
541 2959 545 2964 Ι
923 2865 925 2868 ’
966 2885 969 2889 ’

314 2973 317 2978 ’
557 2972 602 3029 ill.

113 3075 300 3143 Quoniam
330 3071 583 3147 iniquitatem
611 3090 726 3132 meam
758 3096 824 3156 ego
853 3099 1059 3163 cognosco,

132 3179 171 3235 et
190 3174 396 3253 peccatum
417 3186 538 3226 mcum
559 3175 696 3230 contra
715 3193 768 3234 me
790 3184 851 3237 est
873 3200 1038 3265 semper.

191 3269 364 3330 Audivimus
394 3266 468 3325 duos
494 3286 598 3327 versus
619 3271 744 3349 psalmi,
776 3276 935 3354 inquibus
957 3284 1059 3347 David

110 3369 283 3455 postulavit,
313 3365 408 3445 primo
429 3367 555 3443 gratiam
577 3371 607 3426 et
627 3371 828 3432 remissionem
848 3389 1059 3463 peccatorum,

111 3468 217 3531 deinde
238 3465 326 3525 eiiam
354 3464 462 3523 donum
474 3463 634 3541 purificans
653 3472 682 3526 et
698 3471 892 3537 mundificans
901 3481 982 3543 feces
1002 3507 1060 3548 sen

110 3568 250 3645 reliquias
270 3563 394 3642 peccati.
416 3561 490 3618 Nam
509 3562 583 3646 haec
599 3563 657 3622 duo
678 3569 835 3632 absolvunt
851 3581 989 3656 perfecte
1009 3588 1060 3665 ju.

111 3672 189 3730 stum
211 3669 241 3723 et
262 3666 396 3722 sanctum
416 3678 514 3719 coram
530 3658 600 3730 Deo,
622 3665 684 3723 sine
696 3669 829 3733 omnibus
842 3656 1061 3764 nostris-prae·

251 3936 347 4009 ,ΑΜ
