<?xml version="1.0" encoding="UTF-8"?>
<!DOCTYPE html PUBLIC "-//W3C//DTD XHTML 1.0 Transitional//EN"
    "http://www.w3.org/TR/xhtml1/DTD/xhtml1-transitional.dtd">
<html xmlns="http://www.w3.org/1999/xhtml" xml:lang="en" lang="en">
 <head>
  <title>
</title>
<meta http-equiv="Content-Type" content="text/html;charset=utf-8" />
  <meta name='ocr-system' content='tesseract 3.04.00' />
  <meta name='ocr-capabilities' content='ocr_page ocr_carea ocr_par ocr_line ocrx_word'/>
</head>
<body>
  <div class='ocr_page' id='page_1' title='image "./exegeticaoperal04luthgoog_0130.png"; bbox 0 0 2204 4058; ppageno 0'>
   <div class='ocr_carea' id='block_1_1' title="bbox 335 185 1031 285">
    <p class='ocr_par' dir='ltr' id='par_1_1' title="bbox 335 185 1031 285">
     <span class='ocr_line' id='line_1_1' title="bbox 335 185 1031 285; baseline -0.004 -3"><span class='ocrx_word' id='word_1_1' title='bbox 335 256 338 263; x_wconf 83' lang='lat'>·</span> <span class='ocrx_word' id='word_1_2' title='bbox 402 185 405 189; x_wconf 62' lang='grc'><strong>’</strong></span> <span class='ocrx_word' id='word_1_3' title='bbox 453 220 685 285; x_wconf 67' lang='lat' dir='ltr'><strong>rammam.</strong></span> <span class='ocrx_word' id='word_1_4' title='bbox 975 219 1031 280; x_wconf 82' lang='lat' dir='ltr'><strong>mr</strong></span> 
     </span>
    </p>
   </div>
   <div class='ocr_carea' id='block_1_2' title="bbox 56 361 1101 3681">
    <p class='ocr_par' dir='ltr' id='par_1_2' title="bbox 80 361 1089 561">
     <span class='ocr_line' id='line_1_2' title="bbox 80 361 1089 457; baseline -0.011 -15"><span class='ocrx_word' id='word_1_5' title='bbox 80 389 156 452; x_wconf 86' lang='lat' dir='ltr'><strong>tere,</strong></span> <span class='ocrx_word' id='word_1_6' title='bbox 183 381 255 456; x_wconf 84' lang='lat' dir='ltr'><strong>quin</strong></span> <span class='ocrx_word' id='word_1_7' title='bbox 277 378 342 457; x_wconf 73' lang='lat' dir='ltr'><strong>ejus</strong></span> <span class='ocrx_word' id='word_1_8' title='bbox 364 373 507 435; x_wconf 81' lang='lat' dir='ltr'><strong>beneficia</strong></span> <span class='ocrx_word' id='word_1_9' title='bbox 528 375 718 456; x_wconf 73' lang='lat' dir='ltr'><strong>praedicem,</strong></span> <span class='ocrx_word' id='word_1_10' title='bbox 750 368 974 443; x_wconf 82' lang='lat' dir='ltr'><strong>cumlaudant,</strong></span> <span class='ocrx_word' id='word_1_11' title='bbox 1006 376 1037 432; x_wconf 86' lang='lat' dir='ltr'><strong>et</strong></span> <span class='ocrx_word' id='word_1_12' title='bbox 1086 361 1089 365; x_wconf 42' lang='lat'><strong>⁴</strong></span> 
     </span>
     <span class='ocr_line' id='line_1_3' title="bbox 82 474 846 561; baseline -0.016 -19"><span class='ocrx_word' id='word_1_13' title='bbox 82 483 158 543; x_wconf 85' lang='lat' dir='ltr'><strong>alios</strong></span> <span class='ocrx_word' id='word_1_14' title='bbox 182 498 301 557; x_wconf 88' lang='lat' dir='ltr'><strong>quoque</strong></span> <span class='ocrx_word' id='word_1_15' title='bbox 321 478 351 535; x_wconf 88' lang='lat' dir='ltr'><strong>iu</strong></span> <span class='ocrx_word' id='word_1_16' title='bbox 364 474 496 561; x_wconf 81' lang='lat' dir='ltr'><strong>¹caudam</strong></span> <span class='ocrx_word' id='word_1_17' title='bbox 517 492 602 553; x_wconf 84' lang='lat' dir='ltr'><strong>spem</strong></span> <span class='ocrx_word' id='word_1_18' title='bbox 622 476 736 533; x_wconf 84' lang='lat' dir='ltr'><strong>vocent.</strong></span> <span class='ocrx_word' id='word_1_19' title='bbox 840 500 846 509; x_wconf 77' lang='lat'>=</span> 
     </span>
    </p>

    <p class='ocr_par' dir='ltr' id='par_1_3' title="bbox 56 570 1101 3268">
     <span class='ocr_line' id='line_1_4' title="bbox 167 570 1038 657; baseline -0.009 -18"><span class='ocrx_word' id='word_1_20' title='bbox 167 580 253 639; x_wconf 84' lang='lat' dir='ltr'><strong>Haec</strong></span> <span class='ocrx_word' id='word_1_21' title='bbox 273 582 344 638; x_wconf 82' lang='lat' dir='ltr'><strong>sunt</strong></span> <span class='ocrx_word' id='word_1_22' title='bbox 364 575 542 657; x_wconf 81' lang='lat' dir='ltr'><strong>principalia</strong></span> <span class='ocrx_word' id='word_1_23' title='bbox 562 589 662 653; x_wconf 85' lang='lat' dir='ltr'><strong>opera,</strong></span> <span class='ocrx_word' id='word_1_24' title='bbox 678 570 761 650; x_wconf 72' lang='lat' dir='ltr'><strong>¹qum</strong></span> <span class='ocrx_word' id='word_1_25' title='bbox 780 576 932 632; x_wconf 76' lang='lat' dir='ltr'><strong>testantur</strong></span> <span class='ocrx_word' id='word_1_26' title='bbox 952 573 1038 631; x_wconf 86' lang='lat' dir='ltr'><strong>arbo·</strong></span> 
     </span>
     <span class='ocr_line' id='line_1_5' title="bbox 84 670 1039 748; baseline -0.015 -5"><span class='ocrx_word' id='word_1_27' title='bbox 84 703 150 743; x_wconf 85' lang='lat' dir='ltr'><strong>rom</strong></span> <span class='ocrx_word' id='word_1_28' title='bbox 171 684 420 748; x_wconf 70' lang='lat' dir='ltr'><strong>matrimomo,</strong></span> <span class='ocrx_word' id='word_1_29' title='bbox 452 695 486 734; x_wconf 84' lang='lat' dir='ltr'><strong>er</strong></span> <span class='ocrx_word' id='word_1_30' title='bbox 507 674 603 739; x_wconf 72' lang='lat' dir='ltr'><strong>sterili</strong></span> <span class='ocrx_word' id='word_1_31' title='bbox 624 675 656 732; x_wconf 86' lang='lat' dir='ltr'><strong>in</strong></span> <span class='ocrx_word' id='word_1_32' title='bbox 675 672 868 744; x_wconf 80' lang='lat' dir='ltr'><strong>foecundam,</strong></span> <span class='ocrx_word' id='word_1_33' title='bbox 899 692 934 732; x_wconf 85' lang='lat' dir='ltr'><strong>ex</strong></span> <span class='ocrx_word' id='word_1_34' title='bbox 954 670 1039 732; x_wconf 86' lang='lat' dir='ltr'><strong>arida</strong></span> 
     </span>
     <span class='ocr_line' id='line_1_6' title="bbox 84 770 1101 860; baseline -0.013 -16"><span class='ocrx_word' id='word_1_35' title='bbox 84 789 117 843; x_wconf 89' lang='lat' dir='ltr'><strong>in</strong></span> <span class='ocrx_word' id='word_1_36' title='bbox 139 783 222 844; x_wconf 80' lang='lat' dir='ltr'><strong>succi</strong></span> <span class='ocrx_word' id='word_1_37' title='bbox 242 780 360 860; x_wconf 81' lang='lat' dir='ltr'><strong>plenam</strong></span> <span class='ocrx_word' id='word_1_38' title='bbox 382 780 413 835; x_wconf 84' lang='lat' dir='ltr'><strong>et</strong></span> <span class='ocrx_word' id='word_1_39' title='bbox 434 775 598 835; x_wconf 80' lang='lat' dir='ltr'><strong>florentem.</strong></span> <span class='ocrx_word' id='word_1_40' title='bbox 640 770 689 834; x_wconf 75' lang='lat' dir='ltr'><strong>Ad</strong></span> <span class='ocrx_word' id='word_1_41' title='bbox 708 772 789 833; x_wconf 85' lang='lat' dir='ltr'><strong>hano</strong></span> <span class='ocrx_word' id='word_1_42' title='bbox 806 774 898 833; x_wconf 80' lang='lat' dir='ltr'><strong>vitam</strong></span> <span class='ocrx_word' id='word_1_43' title='bbox 919 771 1040 832; x_wconf 74' lang='lat' dir='ltr'><strong>revocat</strong></span> <span class='ocrx_word' id='word_1_44' title='bbox 1076 770 1101 843; x_wconf 56' lang='grc'><strong>’,</strong></span> 
     </span>
     <span class='ocr_line' id='line_1_7' title="bbox 85 874 1042 958; baseline -0.01 -14"><span class='ocrx_word' id='word_1_45' title='bbox 85 885 227 944; x_wconf 78' lang='lat' dir='ltr'><strong>Christus</strong></span> <span class='ocrx_word' id='word_1_46' title='bbox 249 878 441 958; x_wconf 88' lang='lat' dir='ltr'><strong>discipulum,</strong></span> <span class='ocrx_word' id='word_1_47' title='bbox 475 895 542 941; x_wconf 78' lang='lat' dir='ltr'><strong>carm</strong></span> <span class='ocrx_word' id='word_1_48' title='bbox 572 874 658 935; x_wconf 89' lang='lat' dir='ltr'><strong>dicit:</strong></span> <span class='ocrx_word' id='word_1_49' title='bbox 700 874 791 945; x_wconf 82' lang='lat' dir='ltr'><strong>„Sine</strong></span> <span class='ocrx_word' id='word_1_50' title='bbox 809 878 845 933; x_wconf 88' lang='lat' dir='ltr'><strong>ut</strong></span> <span class='ocrx_word' id='word_1_51' title='bbox 865 875 974 934; x_wconf 88' lang='lat' dir='ltr'><strong>mortui</strong></span> <span class='ocrx_word' id='word_1_52' title='bbox 995 892 1042 934; x_wconf 82' lang='lat' dir='ltr'><strong>ra·</strong></span> 
     </span>
     <span class='ocr_line' id='line_1_8' title="bbox 85 976 1041 1067; baseline -0.008 -22"><span class='ocrx_word' id='word_1_53' title='bbox 85 986 201 1067; x_wconf 85' lang='lat' dir='ltr'><strong>paliani</strong></span> <span class='ocrx_word' id='word_1_54' title='bbox 222 986 354 1049; x_wconf 82' lang='lat' dir='ltr'><strong>mortuos</strong></span> <span class='ocrx_word' id='word_1_55' title='bbox 376 997 455 1051; x_wconf 81' lang='lat' dir='ltr'><strong>suos,</strong></span> <span class='ocrx_word' id='word_1_56' title='bbox 477 983 513 1037; x_wconf 90' lang='lat' dir='ltr'><strong>tu</strong></span> <span class='ocrx_word' id='word_1_57' title='bbox 534 979 634 1039; x_wconf 79' lang='lat' dir='ltr'><strong>autam</strong></span> <span class='ocrx_word' id='word_1_58' title='bbox 657 992 706 1034; x_wconf 86' lang='lat' dir='ltr'><strong>mo</strong></span> <span class='ocrx_word' id='word_1_59' title='bbox 727 982 882 1053; x_wconf 82' lang='lat' dir='ltr'><strong>aequore.“</strong></span> <span class='ocrx_word' id='word_1_60' title='bbox 922 976 1041 1057; x_wconf 78' lang='lat' dir='ltr'><strong>Signifi-</strong></span> 
     </span>
     <span class='ocr_line' id='line_1_9' title="bbox 85 1076 1047 1158; baseline -0.01 -11"><span class='ocrx_word' id='word_1_61' title='bbox 85 1091 139 1148; x_wconf 86' lang='lat' dir='ltr'><strong>cat</strong></span> <span class='ocrx_word' id='word_1_62' title='bbox 160 1085 238 1144; x_wconf 87' lang='lat' dir='ltr'><strong>enim</strong></span> <span class='ocrx_word' id='word_1_63' title='bbox 259 1080 317 1140; x_wconf 92' lang='lat' dir='ltr'><strong>alia</strong></span> <span class='ocrx_word' id='word_1_64' title='bbox 338 1083 433 1158; x_wconf 84' lang='lat' dir='ltr'><strong>opera</strong></span> <span class='ocrx_word' id='word_1_65' title='bbox 451 1097 518 1138; x_wconf 85' lang='lat' dir='ltr'><strong>ease</strong></span> <span class='ocrx_word' id='word_1_66' title='bbox 539 1082 723 1157; x_wconf 75' lang='lat' dir='ltr'><strong>momuorum</strong></span> <span class='ocrx_word' id='word_1_67' title='bbox 744 1094 844 1156; x_wconf 81' lang='lat' dir='ltr'><strong>opera,</strong></span> <span class='ocrx_word' id='word_1_68' title='bbox 865 1095 915 1137; x_wconf 82' lang='lat' dir='ltr'><strong>eoa</strong></span> <span class='ocrx_word' id='word_1_69' title='bbox 932 1076 1047 1150; x_wconf 76' lang='lat' dir='ltr'><strong>autem,</strong></span> 
     </span>
     <span class='ocr_line' id='line_1_10' title="bbox 56 1178 1080 1271; baseline -0.007 -27"><span class='ocrx_word' id='word_1_70' title='bbox 56 1188 141 1264; x_wconf 60' lang='lat' dir='ltr'><strong>»qui</strong></span> <span class='ocrx_word' id='word_1_71' title='bbox 162 1187 193 1243; x_wconf 90' lang='lat' dir='ltr'><strong>in</strong></span> <span class='ocrx_word' id='word_1_72' title='bbox 215 1182 333 1241; x_wconf 81' lang='lat' dir='ltr'><strong>Christo</strong></span> <span class='ocrx_word' id='word_1_73' title='bbox 355 1180 465 1248; x_wconf 84' lang='lat' dir='ltr'><strong>vivunt,</strong></span> <span class='ocrx_word' id='word_1_74' title='bbox 480 1254 485 1271; x_wconf 43' lang='grc' dir='ltr'>Ι</span> <span class='ocrx_word' id='word_1_75' title='bbox 500 1178 610 1243; x_wconf 84' lang='lat' dir='ltr'><strong>debera</strong></span> <span class='ocrx_word' id='word_1_76' title='bbox 641 1197 708 1237; x_wconf 81' lang='lat' dir='ltr'><strong>essa</strong></span> <span class='ocrx_word' id='word_1_77' title='bbox 737 1180 769 1236; x_wconf 89' lang='lat' dir='ltr'><strong>in</strong></span> <span class='ocrx_word' id='word_1_78' title='bbox 801 1178 991 1259; x_wconf 70' lang='lat' dir='ltr'><strong>agnoscenda</strong></span> <span class='ocrx_word' id='word_1_79' title='bbox 1011 1182 1043 1239; x_wconf 86' lang='lat' dir='ltr'><strong>et</strong></span> <span class='ocrx_word' id='word_1_80' title='bbox 1077 1230 1080 1237; x_wconf 92' lang='grc'><em>,</em></span> 
     </span>
     <span class='ocr_line' id='line_1_11' title="bbox 89 1278 1043 1367; baseline -0.006 -22"><span class='ocrx_word' id='word_1_81' title='bbox 89 1281 295 1367; x_wconf 84' lang='lat' dir='ltr'><strong>praedicanda</strong></span> <span class='ocrx_word' id='word_1_82' title='bbox 313 1279 517 1340; x_wconf 79' lang='lat' dir='ltr'><strong>misericordia</strong></span> <span class='ocrx_word' id='word_1_83' title='bbox 536 1278 610 1351; x_wconf 84' lang='lat' dir='ltr'><strong>Dei,</strong></span> <span class='ocrx_word' id='word_1_84' title='bbox 631 1282 666 1338; x_wconf 88' lang='lat' dir='ltr'><strong>ut</strong></span> <span class='ocrx_word' id='word_1_85' title='bbox 688 1297 753 1338; x_wconf 86' lang='lat' dir='ltr'><strong>cam</strong></span> <span class='ocrx_word' id='word_1_86' title='bbox 774 1278 825 1338; x_wconf 87' lang='lat' dir='ltr'><strong>alii</strong></span> <span class='ocrx_word' id='word_1_87' title='bbox 844 1296 964 1357; x_wconf 83' lang='lat' dir='ltr'><strong>quoquc</strong></span> <span class='ocrx_word' id='word_1_88' title='bbox 998 1278 1043 1339; x_wconf 91' lang='lat' dir='ltr'><strong>di-</strong></span> 
     </span>
     <span class='ocr_line' id='line_1_12' title="bbox 89 1376 1044 1462; baseline -0.01 -14"><span class='ocrx_word' id='word_1_89' title='bbox 89 1390 177 1448; x_wconf 85' lang='lat' dir='ltr'><strong>scant</strong></span> <span class='ocrx_word' id='word_1_90' title='bbox 198 1400 370 1462; x_wconf 76' lang='lat' dir='ltr'><strong>agnoscere.</strong></span> <span class='ocrx_word' id='word_1_91' title='bbox 393 1380 516 1438; x_wconf 88' lang='lat' dir='ltr'><strong>Summa</strong></span> <span class='ocrx_word' id='word_1_92' title='bbox 541 1382 634 1458; x_wconf 75' lang='lat' dir='ltr'><strong>igitur</strong></span> <span class='ocrx_word' id='word_1_93' title='bbox 654 1380 727 1440; x_wconf 87' lang='lat' dir='ltr'><strong>haec</strong></span> <span class='ocrx_word' id='word_1_94' title='bbox 739 1376 811 1452; x_wconf 80' lang='lat' dir='ltr'><strong>eat,</strong></span> <span class='ocrx_word' id='word_1_95' title='bbox 833 1380 917 1457; x_wconf 88' lang='lat' dir='ltr'><strong>quod</strong></span> <span class='ocrx_word' id='word_1_96' title='bbox 933 1380 995 1439; x_wconf 78' lang='lat' dir='ltr'><strong>rita</strong></span> <span class='ocrx_word' id='word_1_97' title='bbox 1013 1380 1044 1438; x_wconf 84' lang='lat' dir='ltr'><strong>ct</strong></span> 
     </span>
     <span class='ocr_line' id='line_1_13' title="bbox 89 1469 1045 1564; baseline 0 -16"><span class='ocrx_word' id='word_1_98' title='bbox 89 1487 173 1548; x_wconf 78' lang='lat' dir='ltr'><strong>salua</strong></span> <span class='ocrx_word' id='word_1_99' title='bbox 194 1488 298 1543; x_wconf 83' lang='lat' dir='ltr'><strong>nostra</strong></span> <span class='ocrx_word' id='word_1_100' title='bbox 314 1485 382 1541; x_wconf 85' lang='lat' dir='ltr'><strong>tota</strong></span> <span class='ocrx_word' id='word_1_101' title='bbox 402 1482 442 1540; x_wconf 86' lang='lat' dir='ltr'><strong>sit</strong></span> <span class='ocrx_word' id='word_1_102' title='bbox 461 1481 566 1559; x_wconf 85' lang='lat' dir='ltr'><strong>posita</strong></span> <span class='ocrx_word' id='word_1_103' title='bbox 579 1482 608 1539; x_wconf 90' lang='lat' dir='ltr'><strong>in</strong></span> <span class='ocrx_word' id='word_1_104' title='bbox 624 1483 833 1546; x_wconf 68' lang='lat' dir='ltr'><strong>‚misericordia</strong></span> <span class='ocrx_word' id='word_1_105' title='bbox 857 1484 922 1558; x_wconf 87' lang='lat' dir='ltr'><strong>Dei,</strong></span> <span class='ocrx_word' id='word_1_106' title='bbox 940 1469 1045 1564; x_wconf 71' lang='lat' dir='ltr'><strong>¹quam</strong></span> 
     </span>
     <span class='ocr_line' id='line_1_14' title="bbox 90 1580 1045 1668; baseline 0.003 -22"><span class='ocrx_word' id='word_1_107' title='bbox 90 1585 291 1668; x_wconf 77' lang='lat' dir='ltr'><strong>perverbum</strong></span> <span class='ocrx_word' id='word_1_108' title='bbox 315 1581 398 1641; x_wconf 84' lang='lat' dir='ltr'><strong>Deua</strong></span> <span class='ocrx_word' id='word_1_109' title='bbox 418 1580 533 1640; x_wconf 79' lang='lat' dir='ltr'>revelat</span> <span class='ocrx_word' id='word_1_110' title='bbox 561 1581 617 1640; x_wconf 86' lang='lat' dir='ltr'><strong>hoc</strong></span> <span class='ocrx_word' id='word_1_111' title='bbox 637 1582 739 1653; x_wconf 84' lang='lat' dir='ltr'><strong>modo,</strong></span> <span class='ocrx_word' id='word_1_112' title='bbox 759 1586 795 1643; x_wconf 86' lang='lat' dir='ltr'><strong>at</strong></span> <span class='ocrx_word' id='word_1_113' title='bbox 812 1586 918 1663; x_wconf 88' lang='lat' dir='ltr'><strong>jubeat</strong></span> <span class='ocrx_word' id='word_1_114' title='bbox 937 1605 1045 1666; x_wconf 87' lang='lat' dir='ltr'><strong>pecca-</strong></span> 
     </span>
     <span class='ocr_line' id='line_1_15' title="bbox 92 1678 1045 1769; baseline 0.002 -22"><span class='ocrx_word' id='word_1_115' title='bbox 92 1678 175 1747; x_wconf 84' lang='lat' dir='ltr'><strong>tores</strong></span> <span class='ocrx_word' id='word_1_116' title='bbox 197 1687 228 1745; x_wconf 90' lang='lat' dir='ltr'><strong>in</strong></span> <span class='ocrx_word' id='word_1_117' title='bbox 250 1702 286 1742; x_wconf 89' lang='lat' dir='ltr'><strong>ca</strong></span> <span class='ocrx_word' id='word_1_118' title='bbox 306 1699 429 1765; x_wconf 74' lang='lat' dir='ltr'><strong>operare</strong></span> <span class='ocrx_word' id='word_1_119' title='bbox 461 1684 588 1759; x_wconf 87' lang='lat' dir='ltr'><strong>propter</strong></span> <span class='ocrx_word' id='word_1_120' title='bbox 609 1681 770 1742; x_wconf 79' lang='lat' dir='ltr'><strong>christum.</strong></span> <span class='ocrx_word' id='word_1_121' title='bbox 788 1708 793 1725; x_wconf 89' lang='lat'><strong>·</strong></span> <span class='ocrx_word' id='word_1_122' title='bbox 811 1684 897 1746; x_wconf 86' lang='lat' dir='ltr'><strong>Hacc</strong></span> <span class='ocrx_word' id='word_1_123' title='bbox 915 1690 1045 1769; x_wconf 75' lang='lat' dir='ltr'><strong>cognitio</strong></span> 
     </span>
     <span class='ocr_line' id='line_1_16' title="bbox 92 1780 1046 1867; baseline 0 -20"><span class='ocrx_word' id='word_1_124' title='bbox 92 1792 142 1847; x_wconf 83' lang='lat' dir='ltr'><strong>est</strong></span> <span class='ocrx_word' id='word_1_125' title='bbox 159 1785 287 1865; x_wconf 81' lang='lat' dir='ltr'><strong>justitia,</strong></span> <span class='ocrx_word' id='word_1_126' title='bbox 309 1785 386 1844; x_wconf 84' lang='lat' dir='ltr'><strong>sicut</strong></span> <span class='ocrx_word' id='word_1_127' title='bbox 407 1783 514 1851; x_wconf 74' lang='lat' dir='ltr'><strong>Esaias</strong></span> <span class='ocrx_word' id='word_1_128' title='bbox 535 1780 621 1841; x_wconf 86' lang='lat' dir='ltr'><strong>dicit:</strong></span> <span class='ocrx_word' id='word_1_129' title='bbox 662 1782 722 1854; x_wconf 74' lang='lat' dir='ltr'><strong>„Et</strong></span> <span class='ocrx_word' id='word_1_130' title='bbox 745 1784 851 1845; x_wconf 87' lang='lat' dir='ltr'><strong>notitia</strong></span> <span class='ocrx_word' id='word_1_131' title='bbox 871 1787 936 1866; x_wconf 87' lang='lat' dir='ltr'><strong>ejus</strong></span> <span class='ocrx_word' id='word_1_132' title='bbox 956 1789 1046 1867; x_wconf 82' lang='lat' dir='ltr'><strong>justi-</strong></span> 
     </span>
     <span class='ocr_line' id='line_1_17' title="bbox 93 1882 1046 1968; baseline 0.004 -21"><span class='ocrx_word' id='word_1_133' title='bbox 93 1888 196 1947; x_wconf 83' lang='lat' dir='ltr'><strong>ficabit</strong></span> <span class='ocrx_word' id='word_1_134' title='bbox 217 1885 355 1944; x_wconf 86' lang='lat' dir='ltr'><strong>multos.“</strong></span> <span class='ocrx_word' id='word_1_135' title='bbox 395 1882 454 1941; x_wconf 88' lang='lat' dir='ltr'><strong>Hic</strong></span> <span class='ocrx_word' id='word_1_136' title='bbox 486 1882 600 1943; x_wconf 88' lang='lat' dir='ltr'><strong>nullum</strong></span> <span class='ocrx_word' id='word_1_137' title='bbox 622 1884 704 1944; x_wconf 84' lang='lat' dir='ltr'><strong>uliud</strong></span> <span class='ocrx_word' id='word_1_138' title='bbox 738 1889 873 1946; x_wconf 83' lang='lat' dir='ltr'><strong>nostrum</strong></span> <span class='ocrx_word' id='word_1_139' title='bbox 894 1906 969 1968; x_wconf 81' lang='lat' dir='ltr'><strong>opus</strong></span> <span class='ocrx_word' id='word_1_140' title='bbox 991 1894 1046 1962; x_wconf 77' lang='lat' dir='ltr'><strong>eat,</strong></span> 
     </span>
     <span class='ocr_line' id='line_1_18' title="bbox 95 1985 1048 2077; baseline 0.004 -32"><span class='ocrx_word' id='word_1_141' title='bbox 95 2006 185 2064; x_wconf 88' lang='lat' dir='ltr'><strong>qaam</strong></span> <span class='ocrx_word' id='word_1_142' title='bbox 206 1989 242 2045; x_wconf 87' lang='lat' dir='ltr'><strong>ut</strong></span> <span class='ocrx_word' id='word_1_143' title='bbox 277 1985 405 2044; x_wconf 89' lang='lat' dir='ltr'><strong>oblatam</strong></span> <span class='ocrx_word' id='word_1_144' title='bbox 424 1985 657 2045; x_wconf 88' lang='lat' dir='ltr'><strong>misericordiam</strong></span> <span class='ocrx_word' id='word_1_145' title='bbox 677 2006 736 2077; x_wconf 86' lang='lat' dir='ltr'><strong>non</strong></span> <span class='ocrx_word' id='word_1_146' title='bbox 767 2007 957 2061; x_wconf 77' lang='lat' dir='ltr'>recusemus,</span> <span class='ocrx_word' id='word_1_147' title='bbox 993 1990 1048 2051; x_wconf 82' lang='lat' dir='ltr'><strong>scd</strong></span> 
     </span>
     <span class='ocr_line' id='line_1_19' title="bbox 96 2086 1050 2183; baseline 0.005 -37"><span class='ocrx_word' id='word_1_148' title='bbox 96 2106 161 2147; x_wconf 88' lang='lat' dir='ltr'><strong>eam</strong></span> <span class='ocrx_word' id='word_1_149' title='bbox 183 2086 243 2144; x_wconf 85' lang='lat' dir='ltr'><strong>tide</strong></span> <span class='ocrx_word' id='word_1_150' title='bbox 271 2086 459 2164; x_wconf 84' lang='lat' dir='ltr'><strong>accipiamus.</strong></span> <span class='ocrx_word' id='word_1_151' title='bbox 502 2086 564 2144; x_wconf 86' lang='lat' dir='ltr'><strong>Sed</strong></span> <span class='ocrx_word' id='word_1_152' title='bbox 584 2086 670 2146; x_wconf 90' lang='lat' dir='ltr'><strong>hoc</strong></span> <span class='ocrx_word' id='word_1_153' title='bbox 661 2106 759 2183; x_wconf 84' lang='lat' dir='ltr'><strong>rpsum</strong></span> <span class='ocrx_word' id='word_1_154' title='bbox 793 2108 911 2166; x_wconf 84' lang='lat' dir='ltr'><strong>quoque</strong></span> <span class='ocrx_word' id='word_1_155' title='bbox 931 2096 977 2153; x_wconf 82' lang='lat' dir='ltr'><strong>eat</strong></span> <span class='ocrx_word' id='word_1_156' title='bbox 998 2091 1050 2151; x_wconf 91' lang='lat' dir='ltr'><strong>do</strong></span> 
     </span>
     <span class='ocr_line' id='line_1_20' title="bbox 97 2176 1049 2279; baseline 0.004 -33"><span class='ocrx_word' id='word_1_157' title='bbox 97 2207 169 2246; x_wconf 89' lang='lat' dir='ltr'><strong>num</strong></span> <span class='ocrx_word' id='word_1_158' title='bbox 191 2187 324 2266; x_wconf 83' lang='lat' dir='ltr'><strong>Spiritus</strong></span> <span class='ocrx_word' id='word_1_159' title='bbox 345 2187 449 2257; x_wconf 88' lang='lat' dir='ltr'><strong>sancti,</strong></span> <span class='ocrx_word' id='word_1_160' title='bbox 472 2187 542 2279; x_wconf 87' lang='lat' dir='ltr'><strong>quia</strong></span> <span class='ocrx_word' id='word_1_161' title='bbox 562 2185 636 2246; x_wconf 84' lang='lat' dir='ltr'><strong>fidos</strong></span> <span class='ocrx_word' id='word_1_162' title='bbox 657 2206 716 2246; x_wconf 89' lang='lat' dir='ltr'><strong>non</strong></span> <span class='ocrx_word' id='word_1_163' title='bbox 737 2176 784 2247; x_wconf 83' lang='lat' dir='ltr'><strong>est</strong></span> <span class='ocrx_word' id='word_1_164' title='bbox 804 2193 942 2250; x_wconf 79' lang='lat' dir='ltr'><strong>omnium.</strong></span> <span class='ocrx_word' id='word_1_165' title='bbox 975 2191 1049 2251; x_wconf 84' lang='lat' dir='ltr'><strong>Post</strong></span> 
     </span>
     <span class='ocr_line' id='line_1_21' title="bbox 94 2278 1051 2370; baseline 0.004 -23"><span class='ocrx_word' id='word_1_166' title='bbox 94 2287 359 2368; x_wconf 81' lang='lat' dir='ltr'><strong>justificationem,</strong></span> <span class='ocrx_word' id='word_1_167' title='bbox 395 2304 462 2344; x_wconf 88' lang='lat' dir='ltr'><strong>cum</strong></span> <span class='ocrx_word' id='word_1_168' title='bbox 481 2287 544 2363; x_wconf 87' lang='lat' dir='ltr'><strong>jam</strong></span> <span class='ocrx_word' id='word_1_169' title='bbox 564 2288 721 2365; x_wconf 86' lang='lat' dir='ltr'><strong>promissio</strong></span> <span class='ocrx_word' id='word_1_170' title='bbox 742 2278 923 2350; x_wconf 71' lang='grc' dir='ltr'><strong>ιιιιιιίἰιίοιιίιΙ</strong></span> <span class='ocrx_word' id='word_1_171' title='bbox 942 2309 1051 2370; x_wconf 86' lang='lat' dir='ltr'><strong>pecca</strong></span> 
     </span>
     <span class='ocr_line' id='line_1_22' title="bbox 96 2384 1050 2469; baseline 0.002 -22"><span class='ocrx_word' id='word_1_172' title='bbox 96 2394 196 2448; x_wconf 88' lang='lat' dir='ltr'><strong>torum</strong></span> <span class='ocrx_word' id='word_1_173' title='bbox 219 2390 251 2445; x_wconf 89' lang='lat' dir='ltr'><strong>ct</strong></span> <span class='ocrx_word' id='word_1_174' title='bbox 280 2385 358 2444; x_wconf 84' lang='lat' dir='ltr'><strong>vitae</strong></span> <span class='ocrx_word' id='word_1_175' title='bbox 380 2386 519 2469; x_wconf 80' lang='lat' dir='ltr'><strong>aeteraaa</strong></span> <span class='ocrx_word' id='word_1_176' title='bbox 541 2384 692 2459; x_wconf 89' lang='lat' dir='ltr'><strong>creditur,</strong></span> <span class='ocrx_word' id='word_1_177' title='bbox 724 2391 755 2446; x_wconf 86' lang='lat' dir='ltr'><strong>et</strong></span> <span class='ocrx_word' id='word_1_178' title='bbox 783 2387 842 2448; x_wconf 91' lang='lat' dir='ltr'><strong>fide</strong></span> <span class='ocrx_word' id='word_1_179' title='bbox 870 2390 1050 2468; x_wconf 85' lang='lat' dir='ltr'><strong>possidetur,</strong></span> 
     </span>
     <span class='ocr_line' id='line_1_23' title="bbox 99 2487 1052 2566; baseline 0.002 -19"><span class='ocrx_word' id='word_1_180' title='bbox 99 2493 175 2548; x_wconf 86' lang='lat' dir='ltr'><strong>tunc</strong></span> <span class='ocrx_word' id='word_1_181' title='bbox 204 2487 369 2564; x_wconf 82' lang='lat' dir='ltr'><strong>proximum</strong></span> <span class='ocrx_word' id='word_1_182' title='bbox 403 2489 433 2543; x_wconf 90' lang='lat' dir='ltr'><strong>et</strong></span> <span class='ocrx_word' id='word_1_183' title='bbox 453 2489 633 2563; x_wconf 86' lang='lat' dir='ltr'><strong>perpetuum</strong></span> <span class='ocrx_word' id='word_1_184' title='bbox 666 2506 741 2566; x_wconf 84' lang='lat' dir='ltr'><strong>opus</strong></span> <span class='ocrx_word' id='word_1_185' title='bbox 777 2492 835 2559; x_wconf 75' lang='lat' dir='ltr'><strong>eat,</strong></span> <span class='ocrx_word' id='word_1_186' title='bbox 869 2508 958 2566; x_wconf 75' lang='lat' dir='ltr'><strong>agere</strong></span> <span class='ocrx_word' id='word_1_187' title='bbox 987 2488 1052 2549; x_wconf 89' lang='lat' dir='ltr'><strong>Deo</strong></span> 
     </span>
     <span class='ocr_line' id='line_1_24' title="bbox 100 2580 1054 2670; baseline 0 -23"><span class='ocrx_word' id='word_1_188' title='bbox 100 2589 225 2670; x_wconf 74' lang='lat' dir='ltr'><strong>gratiae,</strong></span> <span class='ocrx_word' id='word_1_189' title='bbox 247 2584 373 2645; x_wconf 82' lang='lat' dir='ltr'><strong>ethaeo</strong></span> <span class='ocrx_word' id='word_1_190' title='bbox 395 2583 459 2662; x_wconf 83' lang='lat' dir='ltr'><strong>ejus</strong></span> <span class='ocrx_word' id='word_1_191' title='bbox 482 2583 625 2643; x_wconf 86' lang='lat' dir='ltr'><strong>beneficia</strong></span> <span class='ocrx_word' id='word_1_192' title='bbox 635 2580 826 2664; x_wconf 56' lang='lat' dir='ltr'><strong>praedicare(</strong></span> <span class='ocrx_word' id='word_1_193' title='bbox 862 2588 1054 2652; x_wconf 68' lang='lat' dir='ltr'><strong>(luiaautem</strong></span> 
     </span>
     <span class='ocr_line' id='line_1_25' title="bbox 100 2666 1055 2762; baseline 0.001 -14"><span class='ocrx_word' id='word_1_194' title='bbox 100 2688 232 2761; x_wconf 86' lang='lat' dir='ltr'><strong>mundus</strong></span> <span class='ocrx_word' id='word_1_195' title='bbox 253 2687 331 2746; x_wconf 86' lang='lat' dir='ltr'><strong>omui</strong></span> <span class='ocrx_word' id='word_1_196' title='bbox 350 2685 379 2744; x_wconf 84' lang='lat' dir='ltr'><strong>ri</strong></span> <span class='ocrx_word' id='word_1_197' title='bbox 401 2702 468 2743; x_wconf 85' lang='lat' dir='ltr'><strong>sese</strong></span> <span class='ocrx_word' id='word_1_198' title='bbox 489 2666 625 2761; x_wconf 83' lang='lat' dir='ltr'><strong>opponit,</strong></span> <span class='ocrx_word' id='word_1_199' title='bbox 645 2669 743 2762; x_wconf 76' lang='lat' dir='ltr'><strong>acque</strong></span> <span class='ocrx_word' id='word_1_200' title='bbox 765 2688 865 2746; x_wconf 71' lang='lat' dir='ltr'><strong>Satad‘</strong></span> <span class='ocrx_word' id='word_1_201' title='bbox 881 2690 969 2748; x_wconf 85' lang='lat' dir='ltr'><strong>ctiam</strong></span> <span class='ocrx_word' id='word_1_202' title='bbox 991 2708 1055 2749; x_wconf 86' lang='lat' dir='ltr'><strong>ces-</strong></span> 
     </span>
     <span class='ocr_line' id='line_1_26' title="bbox 101 2783 1063 2867; baseline -0.001 -17"><span class='ocrx_word' id='word_1_203' title='bbox 101 2794 151 2850; x_wconf 85' lang='lat' dir='ltr'><strong>sat</strong></span> <span class='ocrx_word' id='word_1_204' title='bbox 191 2789 268 2849; x_wconf 89' lang='lat' dir='ltr'><strong>hanc</strong></span> <span class='ocrx_word' id='word_1_205' title='bbox 300 2784 551 2864; x_wconf 79' lang='lat' dir='ltr'><strong>praedicationem</strong></span> <span class='ocrx_word' id='word_1_206' title='bbox 585 2783 674 2844; x_wconf 85' lang='lat' dir='ltr'><strong>variis</strong></span> <span class='ocrx_word' id='word_1_207' title='bbox 697 2785 898 2847; x_wconf 76' lang='lat' dir='ltr'><strong>&#39;incommodis</strong></span> <span class='ocrx_word' id='word_1_208' title='bbox 930 2790 1063 2867; x_wconf 72' lang='lat' dir='ltr'><strong>objectu</strong></span> 
     </span>
     <span class='ocr_line' id='line_1_27' title="bbox 101 2882 1056 2967; baseline -0.002 -16"><span class='ocrx_word' id='word_1_209' title='bbox 101 2890 189 2951; x_wconf 83' lang='lat' dir='ltr'><strong>nobis</strong></span> <span class='ocrx_word' id='word_1_210' title='bbox 226 2888 381 2956; x_wconf 80' lang='lat' dir='ltr'><strong>excutere,</strong></span> <span class='ocrx_word' id='word_1_211' title='bbox 415 2884 480 2943; x_wconf 89' lang='lat' dir='ltr'><strong>ideo</strong></span> <span class='ocrx_word' id='word_1_212' title='bbox 512 2885 589 2963; x_wconf 85' lang='lat' dir='ltr'><strong>petit</strong></span> <span class='ocrx_word' id='word_1_213' title='bbox 610 2883 707 2944; x_wconf 76' lang='lat' dir='ltr'><strong>David</strong></span> <span class='ocrx_word' id='word_1_214' title='bbox 738 2888 768 2944; x_wconf 89' lang='lat' dir='ltr'><strong>in</strong></span> <span class='ocrx_word' id='word_1_215' title='bbox 797 2888 929 2967; x_wconf 83' lang='lat' dir='ltr'><strong>proximo</strong></span> <span class='ocrx_word' id='word_1_216' title='bbox 964 2882 1056 2957; x_wconf 73' lang='lat' dir='ltr'><strong>&#39;remu</strong></span> 
     </span>
     <span class='ocr_line' id='line_1_28' title="bbox 103 2980 1056 3069; baseline -0.001 -19"><span class='ocrx_word' id='word_1_217' title='bbox 103 2990 201 3069; x_wconf 88' lang='lat' dir='ltr'><strong>Spirit</strong></span> <span class='ocrx_word' id='word_1_218' title='bbox 201 3008 252 3047; x_wconf 89' lang='lat' dir='ltr'><strong>um</strong></span> <span class='ocrx_word' id='word_1_219' title='bbox 264 2987 349 3046; x_wconf 89' lang='lat' dir='ltr'><strong>illum</strong></span> <span class='ocrx_word' id='word_1_220' title='bbox 366 2985 543 3056; x_wconf 66' lang='lat' dir='ltr'><strong>animosum:</strong></span> <span class='ocrx_word' id='word_1_221' title='bbox 556 2980 606 3061; x_wconf 74' lang='lat' dir='ltr'><strong>qai</strong></span> <span class='ocrx_word' id='word_1_222' title='bbox 622 2990 792 3046; x_wconf 83' lang='lat' dir='ltr'><strong>contemnat</strong></span> <span class='ocrx_word' id='word_1_223' title='bbox 800 2987 936 3066; x_wconf 73' lang='lat' dir='ltr'><strong>pericula</strong></span> <span class='ocrx_word' id='word_1_224' title='bbox 949 2982 1056 3061; x_wconf 83' lang='lat' dir='ltr'><strong>omnia,</strong></span> 
     </span>
     <span class='ocr_line' id='line_1_29' title="bbox 104 3085 1056 3168; baseline 0.001 -18"><span class='ocrx_word' id='word_1_225' title='bbox 104 3102 136 3150; x_wconf 90' lang='lat' dir='ltr'><strong>et</strong></span> <span class='ocrx_word' id='word_1_226' title='bbox 155 3106 263 3168; x_wconf 80' lang='lat' dir='ltr'><strong>magno</strong></span> <span class='ocrx_word' id='word_1_227' title='bbox 284 3087 380 3145; x_wconf 91' lang='lat' dir='ltr'><strong>animo</strong></span> <span class='ocrx_word' id='word_1_228' title='bbox 409 3085 461 3145; x_wconf 86' lang='lat' dir='ltr'><strong>det</strong></span> <span class='ocrx_word' id='word_1_229' title='bbox 482 3087 682 3155; x_wconf 82' lang='lat' dir='ltr'><strong>testimoniam</strong></span> <span class='ocrx_word' id='word_1_230' title='bbox 703 3086 833 3160; x_wconf 80' lang='lat' dir='ltr'><strong>Christi,</strong></span> <span class='ocrx_word' id='word_1_231' title='bbox 855 3088 934 3149; x_wconf 79' lang='lat' dir='ltr'><strong>sicat</strong></span> <span class='ocrx_word' id='word_1_232' title='bbox 953 3087 1056 3151; x_wconf 74' lang='lat' dir='ltr'><strong>Lucra</strong></span> 
     </span>
     <span class='ocr_line' id='line_1_30' title="bbox 105 3185 906 3268; baseline -0.01 -18"><span class='ocrx_word' id='word_1_233' title='bbox 105 3193 144 3250; x_wconf 86' lang='lat' dir='ltr'><strong>de</strong></span> <span class='ocrx_word' id='word_1_234' title='bbox 165 3187 306 3268; x_wconf 83' lang='lat' dir='ltr'><strong>apostolis</strong></span> <span class='ocrx_word' id='word_1_235' title='bbox 338 3185 418 3244; x_wconf 89' lang='lat' dir='ltr'><strong>dicit.</strong></span> <span class='ocrx_word' id='word_1_236' title='bbox 901 3222 906 3227; x_wconf 97' lang='lat'>-</span> 
     </span>
    </p>

    <p class='ocr_par' dir='ltr' id='par_1_4' title="bbox 106 3286 1058 3670">
     <span class='ocr_line' id='line_1_31' title="bbox 164 3286 1057 3368; baseline 0.005 -21.11"><span class='ocrx_word' id='word_1_237' title='bbox 164 3290 247 3349; x_wconf 87' lang='lat' dir='ltr'><strong>Hic</strong></span> <span class='ocrx_word' id='word_1_238' title='bbox 259 3288 399 3367; x_wconf 85' lang='lat' dir='ltr'><strong>Spiritus,</strong></span> <span class='ocrx_word' id='word_1_239' title='bbox 419 3286 524 3361; x_wconf 88' lang='lat' dir='ltr'><strong>inquit,</strong></span> <span class='ocrx_word' id='word_1_240' title='bbox 540 3286 687 3368; x_wconf 83' lang='lat' dir='ltr'><strong>quoniam</strong></span> <span class='ocrx_word' id='word_1_241' title='bbox 713 3288 784 3355; x_wconf 85' lang='lat' dir='ltr'><strong>mihi</strong></span> <span class='ocrx_word' id='word_1_242' title='bbox 804 3286 894 3350; x_wconf 78' lang='lat' dir='ltr'><strong>datae</strong></span> <span class='ocrx_word' id='word_1_243' title='bbox 915 3294 970 3363; x_wconf 80' lang='lat' dir='ltr'><strong>cat,</strong></span> <span class='ocrx_word' id='word_1_244' title='bbox 990 3289 1057 3351; x_wconf 85' lang='lat' dir='ltr'><strong>idac</strong></span> 
     </span>
     <span class='ocr_line' id='line_1_32' title="bbox 106 3384 1058 3467; baseline -0.003 -15"><span class='ocrx_word' id='word_1_245' title='bbox 106 3393 220 3451; x_wconf 87' lang='lat' dir='ltr'><strong>docebo</strong></span> <span class='ocrx_word' id='word_1_246' title='bbox 250 3390 366 3464; x_wconf 85' lang='lat' dir='ltr'><strong>iniquos</strong></span> <span class='ocrx_word' id='word_1_247' title='bbox 394 3387 457 3445; x_wconf 84' lang='lat' dir='ltr'><strong>aias</strong></span> <span class='ocrx_word' id='word_1_248' title='bbox 478 3390 555 3445; x_wconf 82' lang='lat' dir='ltr'><strong>tuas.</strong></span> <span class='ocrx_word' id='word_1_249' title='bbox 589 3387 661 3446; x_wconf 88' lang='lat' dir='ltr'><strong>Sed</strong></span> <span class='ocrx_word' id='word_1_250' title='bbox 683 3384 770 3467; x_wconf 87' lang='lat' dir='ltr'><strong>quid,</strong></span> <span class='ocrx_word' id='word_1_251' title='bbox 798 3388 949 3461; x_wconf 64' lang='lat' dir='ltr'><strong>oldarici,</strong></span> <span class='ocrx_word' id='word_1_252' title='bbox 980 3391 1006 3451; x_wconf 81' lang='lat' dir='ltr'><strong>ai</strong></span> <span class='ocrx_word' id='word_1_253' title='bbox 1026 3392 1058 3449; x_wconf 85' lang='lat' dir='ltr'><strong>ta</strong></span> 
     </span>
     <span class='ocr_line' id='line_1_33' title="bbox 107 3484 1060 3585; baseline -0.002 -35"><span class='ocrx_word' id='word_1_254' title='bbox 107 3489 216 3551; x_wconf 89' lang='lat' dir='ltr'><strong>audire</strong></span> <span class='ocrx_word' id='word_1_255' title='bbox 237 3486 352 3546; x_wconf 75' lang='lat' dir='ltr'><strong>notinti</strong></span> <span class='ocrx_word' id='word_1_256' title='bbox 396 3484 489 3550; x_wconf 77' lang='lat' dir='ltr'><strong>auid</strong></span> <span class='ocrx_word' id='word_1_257' title='bbox 510 3486 535 3544; x_wconf 85' lang='lat' dir='ltr'><strong>si</strong></span> <span class='ocrx_word' id='word_1_258' title='bbox 566 3485 702 3585; x_wconf 72' lang='grc' dir='ltr'><strong>ιίἰιιΙιοΙιιιιΙ</strong></span> <span class='ocrx_word' id='word_1_259' title='bbox 729 3492 761 3549; x_wconf 86' lang='lat' dir='ltr'><strong>et</strong></span> <span class='ocrx_word' id='word_1_260' title='bbox 777 3488 916 3550; x_wconf 76' lang='lat' dir='ltr'><strong>mundae</strong></span> <span class='ocrx_word' id='word_1_261' title='bbox 933 3494 968 3550; x_wconf 83' lang='lat' dir='ltr'><strong>te</strong></span> <span class='ocrx_word' id='word_1_262' title='bbox 990 3508 1060 3568; x_wconf 85' lang='lat' dir='ltr'><strong>per</strong></span> 
     </span>
     <span class='ocr_line' id='line_1_34' title="bbox 107 3564 1060 3681; baseline -0.002 -32"><span class='ocrx_word' id='word_1_263' title='bbox 107 3589 274 3667; x_wconf 74' lang='lat' dir='ltr'><strong>aequaturi</strong></span> <span class='ocrx_word' id='word_1_264' title='bbox 318 3586 382 3647; x_wconf 79' lang='lat' dir='ltr'><strong>cur</strong></span> <span class='ocrx_word' id='word_1_265' title='bbox 408 3588 470 3644; x_wconf 88' lang='lat' dir='ltr'><strong>tam</strong></span> <span class='ocrx_word' id='word_1_266' title='bbox 493 3584 629 3669; x_wconf 84' lang='lat' dir='ltr'><strong>arduum</strong></span> <span class='ocrx_word' id='word_1_267' title='bbox 648 3590 680 3647; x_wconf 89' lang='lat' dir='ltr'><strong>et</strong></span> <span class='ocrx_word' id='word_1_268' title='bbox 697 3564 820 3667; x_wconf 72' lang='lat' dir='ltr'><strong>difficile</strong></span> <span class='ocrx_word' id='word_1_269' title='bbox 841 3608 916 3670; x_wconf 78' lang='lat' dir='ltr'><strong>opas</strong></span> <span class='ocrx_word' id='word_1_270' title='bbox 938 3590 1060 3681; x_wconf 57' lang='lat' dir='ltr'><strong>promitj</strong></span> 
     </span>
    </p>
   </div>
   <div class='ocr_carea' id='block_1_3' title="bbox 107 3664 1084 3767">
    <p class='ocr_par' dir='ltr' id='par_1_5' title="bbox 107 3664 1084 3767">
     <span class='ocr_line' id='line_1_35' title="bbox 107 3664 1084 3767; baseline -0.003 -17"><span class='ocrx_word' id='word_1_271' title='bbox 107 3692 162 3760; x_wconf 78' lang='lat' dir='ltr'><strong>tia,</strong></span> <span class='ocrx_word' id='word_1_272' title='bbox 185 3685 266 3766; x_wconf 88' lang='lat' dir='ltr'><strong>quod</strong></span> <span class='ocrx_word' id='word_1_273' title='bbox 288 3678 405 3763; x_wconf 77' lang='lat' dir='ltr'><strong>iaiqaor</strong></span> <span class='ocrx_word' id='word_1_274' title='bbox 424 3680 498 3745; x_wconf 73' lang='lat' dir='ltr'><strong>retia</strong></span> <span class='ocrx_word' id='word_1_275' title='bbox 472 3664 628 3767; x_wconf 72' lang='lat' dir='ltr'><strong>adorare</strong></span> <span class='ocrx_word' id='word_1_276' title='bbox 648 3688 716 3766; x_wconf 76' lang='lat' dir='ltr'><strong>riaa</strong></span> <span class='ocrx_word' id='word_1_277' title='bbox 734 3672 873 3753; x_wconf 65' lang='lat' dir='ltr'><strong>domitta</strong></span> <span class='ocrx_word' id='word_1_278' title='bbox 891 3690 960 3751; x_wconf 71' lang='lat' dir='ltr'><strong>utu</strong></span> <span class='ocrx_word' id='word_1_279' title='bbox 978 3676 1084 3750; x_wconf 46' lang='lat' dir='ltr'><strong>aaut&amp;</strong></span> 
     </span>
    </p>
   </div>
   <div class='ocr_carea' id='block_1_4' title="bbox 0 0 1139 4058">
    <p class='ocr_par' dir='ltr' id='par_1_6' title="bbox 0 0 1139 4058">
     <span class='ocr_line' id='line_1_36' title="bbox 0 0 1139 4058; baseline 0 0"><span class='ocrx_word' id='word_1_280' title='bbox 0 0 1139 4058; x_wconf 95' lang='lat' dir='ltr'><strong> </strong></span> 
     </span>
    </p>
   </div>
  </div>
 </body>
</html>
