2190 4064
17 259 40 319 Β

33 396 325 484 'Guuctaquesuut
344 410 431 491 iactis
453 412 592 473 interiora
609 412 699 501 tuis„
736 368 740 377 ·
797 434 800 439 ·
846 394 849 403 Ι
964 398 968 411 ¹

20 508 162 568 immanes
184 508 238 569 tibi
268 509 433 571 concedunt
453 511 601 573 Busiridis
621 530 710 584 arse,
761 546 776 555 ·-
869 572 873 585 ,
963 568 971 595 ,

62 607 181 668 Cedunt
198 609 326 669 iminites
348 613 378 669 et
397 609 549 672 Diomedis
571 613 650 689 equi.
736 634 739 641 ·
775 648 777 653 -
810 620 813 625 ·
904 612 907 617 '
1047 576 1071 625 ’-

21 707 132 767 Nobilis
154 714 200 768 est
220 709 354 770 Phalaris
375 714 476 783 tauro,
496 712 613 773 Busiris
633 716 666 772 ct
685 706 754 782 ars,

59 806 100 866 At
120 809 217 867 miuus
237 809 371 868 immanis
392 807 441 868 ille
461 810 508 869 vel
529 809 664 901 illaluit
720 880 724 891 ,
764 872 773 881 ,

21 907 72 966 Tu
93 907 216 969 mortale
236 926 329 986 genus
351 910 462 987 passim
481 911 559 989 petis
585 912 685 979 emus,
706 910 761 971 aad
781 910 825 971 illi
875 948 904 969 -.
1029 960 1037 971 .
1068 910 1082 961 Ξ

62 1007 147 1073 Pessi
168 1010 238 1093 suut
259 1010 354 1067 totum
375 1027 434 1068 nou
453 1010 577 1088 periisse
590 1026 700 1085 ¹(geraus-
774 1038 780 1045 ·
886 1024 892 1031 “

21 1106 158 1166 Crudelis
180 1106 292 1178 Medea,
314 1125 383 1166 suos
404 1108 485 1185 quod
504 1108 631 1187 perdere
651 1110 738 1169 udos

62 1206 175 1277 Maluit,
199 1225 234 1265 ac
254 1206 407 1284 moechum
428 1198 555 1267 foemina
575 1206 670 1269 stulta
688 1209 783 1284 sequi,

20 1303 100 1364 Huic
121 1305 250 1364 crudelis
272 1310 353 1365 ambr
372 1309 523 1385 persuasit
549 1305 677 1386 perdere
698 1308 809 1399 ustos,
927 1368 933 1377 ,
1003 1316 1015 1361 .“

63 1403 175 1463 lncludi
198 1396 279 1464 certo
301 1407 351 1483 qui
372 1410 513 1486 poteraut
533 1424 665 1465 numero.
776 1406 779 1411 ’

22 1501 74 1561 Tu
95 1521 248 1562 numerum
271 1508 361 1581 atque
381 1504 502 1564 modum
524 1505 648 1577 excedis,
669 1506 704 1564 tu
720 1504 843 1565 uimine
858 1507 891 1565 iu
911 1524 972 1569 unu
1030 1559 1065 1580 ,.

62 1602 171 1662 Omnes
193 1602 320 1683 absolvis
340 1604 483 1684 perfidiae
502 1622 648 1664 numeros.

23 1700 104 1764 auid
123 1703 334 1775 miserabilius,
357 1723 445 1781 quam
466 1709 497 1764 te
517 1707 562 1765 tot
582 1703 704 1763 laedere
723 1720 832 1782 posse,
892 1682 912 1761 ’,

67 1802 148 1866 (tuot
168 1804 271 1864 tulerit
291 1809 378 1866 uatus
402 1805 471 1865 iude
494 1806 595 1865 lutura
616 1803 700 1863 diest

22 1899 187 1962 Infaustum
207 1903 338 1974 lacinus,
361 1906 440 1980 'quod
460 1907 581 1983 praeter
601 1901 734 1982 praemia
754 1903 860 1961 mortis
1040 1875 1057 1886 l
1088 1963 1095 1974 ,

63 1999 127 2059 Tot
148 2000 235 2059 simul
257 2019 432 2071 aerumnas,
450 2020 526 2076 quac
555 2003 739 2073 comitantur,
760 2002 888 2071 habot.'
968 2058 972 2066 .
1007 2006 1032 2069 ,⁸

23 2096 50 2156 Α
71 2098 177 2174 quibus
198 2102 233 2155 ut
254 2116 337 2156 nemo
359 2099 469 2176 poterit
490 2100 657 2161 subducere
678 2118 759 2171 sese,

65 2199 116 2256 Sic
137 2215 229 2267 nemo,
252 2196 391 2256 auxilium
411 2200 462 2274 qui
481 2198 567 2271 ierat,
590 2219 654 2260 esse
675 2188 784 2279 potest,
960 2198 1001 2263 ,“

22 2298 58 2357 Ni
80 2315 225 2356 summum
246 2298 339 2356 nostri
358 2302 484 2376 tangant
503 2301 621 2379 generis
642 2300 720 2358 mala
740 2303 869 2380 patrem,
884 2380 906 2393 ,Ι
928 2378 936 2385 ,
1090 2391 1095 2400 Α

65 2397 102 2454 Ni
123 2398 223 2455 veniat
244 2396 362 2468 mundo,
382 2400 501 2460 victima
521 2401 719 2479 pacis,·ovis,

23 2495 60 2554 Ni
79 2496 225 2575 promissa
246 2496 335 2567 salus,
355 2499 477 2557 verbum
499 2498 670 2558 admirabile
683 2500 787 2579 patris,

65 2595 173 2655 luduat
193 2597 313 2656 humani
334 2600 467 2676 corporis
488 2599 631 2669 induvias,

26 2695 133 2755 luduat
154 2700 184 2755 et
205 2697 298 2755 durae
319 2715 396 2773 quae
417 2702 487 2758 suut
509 2698 677 2758 discrimina
697 2696 809 2769 nouis,
882 2738 885 2742 -

66 2794 166 2872 Atque
187 2797 271 2855 malis
292 2800 378 2856 curet
404 2801 449 2856 tot
469 2798 546 2858 mala
566 2802 669 2857 nostra
696 2786 768 2855 suis.
827 2852 830 2859 .

27 2893 94 2954 Hac
114 2893 230 2973 placuit
250 2898 366 2956 ratione
383 2897 447 2957 Deo
469 2915 575 2957 sanare
596 2896 738 2976 parentis,

70 2993 156 3057 (tuac
177 2999 248 3053 sunt
268 2996 373 3055 audaci
400 2997 524 3056 vulnera
542 2998 623 3056 facta
647 3014 744 3056 mauu.

27 3089 107 3149 llinc
127 3096 163 3151 ut
184 3082 268 3153 ue'mo
291 3102 396 3155 auctor
415 3099 494 3155 vitae
516 3101 570 3167 est,
592 3098 635 3155 sic
655 3112 741 3154 nemo
762 3093 869 3153 salutis

71 3193 112 3250 Sc
133 3196 223 3267 queat
245 3198 396 3255 auctorem
418 3196 517 3254 dicere
535 3196 605 3273 jure
633 3213 713 3253 suae.
806 3246 810 3257 ,

30 3291 135 3351 Omnia
154 3310 281 3368 namque
301 3292 391 3362 Deus,
412 3312 467 3373 per
488 3294 568 3371 quod
589 3298 659 3353 sunt
679 3294 776 3353 omnia
795 3292 934 3363 verbum,
990 3332 997 3347 -

73 3392 114 3451 Et
135 3390 224 3463 dedit,
247 3396 277 3451 ct
298 3410 374 3469 quae
395 3398 465 3453 suut
485 3394 554 3454 inde
574 3394 689 3476 futura,
712 3392 802 3452 dabit.

31 3491 127 3552 Unica
147 3491 296 3551 sufficiens
316 3510 371 3572 pro
393 3494 476 3553 uobis
496 3494 593 3552 hostia
614 3493 775 3561 Christus,-

75 3592 172 3656 (luem
193 3596 310 3652 constat
325 3594 440 3652 uostris
462 3592 635 3653 occubuisse
647 3590 741 3651 malis.

33 3690 180 3751 decubuit
202 3691 286 3759 licet,
307 3690 357 3751 ille
378 3696 477 3759 tamea
498 3692 562 3755 iera
581 3695 695 3753 tartara
715 3690 792 3759 vicit,
819 3724 825 3731 ·

127 4004 452 4032 ἡ*
