2190 4064
52 262 132 331 Μ,
178 278 191 315 ·.
350 259 660 319 .·-Enarratio·
789 328 794 335 ,
912 252 915 259 ¹

49 413 129 473 'Sed
158 409 246 470 Deus
278 428 338 471 non
359 376 422 470 vblt
450 431 516 472 csse
542 413 648 509 juder,
683 392 758 471 idco¹
780 411 877 490 legem
904 413 1029 473 sustulit

68 511 291 592 praedicatione
313 511 477 589 evangelii,
492 513 522 570 in
543 513 601 587 quo
613 516 767 582 testatur,
789 511 845 571 sibi
865 512 938 572 satis
961 531 1029 572 csse

19 654 34 671 ι,
70 629 196 695 poenae,
220 613 245 669 si
268 594 319 669 cor
340 611 380 669 sit
403 611 548 692 afflictum
572 617 602 671 ιι
612 603 920 690 desperatumquod
939 606 1052 671 ιιιιιι-

71 712 102 770 ἰιι
125 716 232 791 peccat
234 711 258 768 is
281 729 419 768 securum
448 715 545 781 erats
560 730 620 768 non
649 712 729 788 quod
749 713 887 771 meritum
908 711 1031 788 aliquod
1063 740 1067 745 ·

46 814 127 882 .sit,
160 829 323 890 agnoscere
355 813 463 887 peccat
463 828 527 880 um,
563 811 616 868 sed
645 813 714 886 quia
738 813 809 906 ipse
837 813 975 900 promisit
995 828 1029 871 se
1048 869 1066 891 Ι,

31 945 32 949 =
70 903 232 990 agnoscebt
219 909 329 969 tibus
321 927 475 987 rgnosoere
495 908 587 981 uelle,
609 913 640 969 ιι
660 909 777 969 tantuin
797 929 830 970 se
850 911 941 970 irasci
961 912 1028 973 istis
1062 910 1066 917 ’

72 1011 297 1102 peccatoribus,
331 1008 381 1083 qui
414 1010 863 1089 nonsentiuntpeccatasua,
898 1008 1029 1070 sedant

71 1112 269 1190 praesumunt
301 1107 339 1167 de
359 1107 473 1166 viribus
494 1108 571 1179 suia,
588 1112 625 1175 ,et
644 1109 747 1168 volunt
775 1108 937 1186 justificari
957 1127 1029 1188 pro-

71 1211 137 1288 prio
158 1211 281 1281 merito,
312 1213 365 1267 aut
392 1225 497 1265 secure
533 1214 660 1284 peccant
693 1210 860 1268 secundum
887 1211 1029 1288 concupi·
1063 1256 1066 1261 .

35 1329 38 1333 ·
74 1299 219 1370 scentiam
242 1309 349 1377 carnis,
371 1307 434 1366 sine
455 1307 559 1364 timore
578 1303 643 1366 Dei.
673 1308 734 1366 Sed
753 1309 784 1366 bi
805 1309 899 1368 crassi
919 1293 1036 1387 pecca-¹

72 1409 237 1473 tores-illis¹
258 1408 369 1494 adbuc
384 1405 521 1468 meliores
543 1410 629 1477 sunt,
664 1409 714 1483 qui
743 1407 856 1486 duplici
885 1409 1027 1488 operculo

71 1513 230 1590 peccatum
262 1525 350 1567 suum
371 1508 496 1583 tegunt,
516 1486 607 1586 :quod
639 1510 670 1565 ιι
702 1505 800 1566 fidunt
829 1509 892 1567 suis
912 1510 1027 1569 viribus

74 1613 109 1667 ct,
125 1608 357 1668 misericordiam
378 1605 548 1684 repudiant.
699 1598 703 1614 '

156 1706 260 1785 Longe
282 1706 362 1765 aliud
372 1705 469 1780 David
489 1705 538 1763 hic
554 1704 637 1775 lacit,
660 1707 710 1781 qui
730 1706 811 1784 petit
828 1709 952 1778 veniam,
973 1708 1030 1767 sed

72 1807 184 1883 nullam
197 1807 283 1866 aliam
294 1807 331 1865 ob
345 1823 473 1874 causam,
487 1822 577 1879 quam
590 1805 669 1881 qnod
681 1810 882 1885 cstpcccator,
895 1811 936 1866 ιι
945 1808 1027 1868 videt

65 1892 158 1967 ¹suurn
179 1905 397 1974 infirmitatem,
425 1905 503 1962 sicut
524 1905 677 1963 mendicus
699 1903 819 1980 aliquis,
838 1907 889 1982 qui
909 1907 1028 1966 accedit

15 2041 17 2045 ·
73 2004 114 2064 ad
145 2004 266 2062 divitem
304 2002 447 2077 aliquem„
478 2001 516 2058 dc
550 2021 608 2077 quo
646 2003 810 2080 opinionem
836 2004 1028 2067 liberalitatis

73 2105 217 2180 concepit.
240 2103 267 2160 ls
299 2100 388 2170 dives,
411 2099 529 2175 si'quid
549 2102 603 2161 dat
624 2102 773 2182 mendico,
804 2122 864 2173 nou
891 2105 945 2165 dat
965 2127 1028 2167 mc·

10 2246 13 2251 -
74 2204 125 2262 riti
146 2203 274 2280 alicujus
306 2222 413 2274 causa,
442 2203 515 2280 quid
537 2203 612 2260 enim
633 2207 780 2274 meretur,
812 2202 864 2279 qui
896 2205 1039 2284 inopiam·

74 2320 159 2363 suam
187 2301 342 2381 deplorat
386 2303 440 2364 sed
468 2303 520 2363 dat
546 2321 580 2360 ex
612 2321 666 2361 sua
687 2302 815 2424 quadam
836 2285 1025 2379 liberalitate,
1067 2368 1070 2375 ,

74 2401 278 2489 misericordia
298 2403 409 2464 adduct
396 2410 455 2464 t.us
1060 2470 1064 2477 ,

157 2502 216 2574 ,,Ει
237 2507 393 2581 paccatum
414 2521 512 2562 meum
533 2519 632 2561 coram
652 2520 699 2559 me
720 2505 767 2564 est
785 2490 934 2587 *semper-st
969 2501 1028 2564 boe

67 2609 128 2678 ιιι,
150 2608 294 2667 incumbit
315 2605 478 2665 cervicibus
500 2603 581 2672 meis,
603 2601 713 2678 premit
732 2619 795 2670 me,
823 2590 891 2660 non*
901 2619 1027 2680 possum
1061 2629 1065 2637 ·

74 2724 109 2765 oo
129 2705 218 2785 plene
238 2705 367 2764 liberari.
412 2702 473 2760 Sed
493 2702 541 2760 bio
561 2704 679 2769 cavete,
706 2719 744 2758 ne
762 2700 937 2779 intelligatis
958 2712 1037 2771 ablu,

73 2804 157 2882 loqui
178 2795 348 2864 de'actuali
368 2805 507 2880 peccato,
530 2801 583 2859 sed
604 2802 697 2858 totam
717 2801 822 2870 vitam,
844 2818 912 2858 cum
932 2804 1028 2873 omui-

72 2906 131 2964 bus
153 2909 184 2964 et
206 2902 398 2964 sanctissimis
414 2900 542 2979 justitiis
564 2900 626 2959 suis
647 2900 785 2979 propriis,
806 2899 837 2963 iu
860 2900 1051 2980 conspectu

72 3005 222 3086 propheta
242 3005 340 3072 habet,
363 3004 393 3059 ιι
414 2984 504 3059 sentit
525 3018 557 3057 se
583 2999 649 3058 istis
671 2999 804 3058 omnibus
825 2997 898 3056 nibil
915 3000 1035 3077 juvari,¹

73 3105 130 3162 nisi
154 3096 278 3162 accedat
305 3099 521 3169 misericordia,
552 3099 630 3159 sicut
659 3098 696 3156 dc
716 3097 908 3169 bernier-da·
933 3099 1028 3159 adrni-
1061 3126 1067 3133 ·

74 3201 186 3261 rendae
206 3201 374 3261 sanctitatis
394 3201 474 3270 viro,
505 3202 644 3267 narrant,
666 3182 740 3255 eum*
752 3197 936 3272 hanc-quasi
956 3199 1029 3260 ulti-
1067 3214 1070 3221 ’

74 3312 152 3360 m'am
172 3318 274 3360 vocem
297 3299 441 3359 edidisse:
462 3297 584 3356 Perdite
604 3296 668 3354 riri.
711 3295 777 3357 Hoc
797 3315 867 3355 vcra
889 3302 942 3369 ast¹
956 3308 1028 3377 pec·

74 3400 227 3465 catumin
248 3404 414 3477 conspectu
436 3417 516 3467 esse,
549 3415 607 3455 non
627 3413 720 3453 uuum
741 3399 794 3453 aut
815 3395 944 3456 alterum
964 3414 1028 3459 ma·
1068 3442 1070 3447 -

72 3500 228 3571 talantum,
258 3484 312 3558 sed
344 3501 448 3579 totam¹
465 3500 601 3562 naturam
624 3498 654 3552 et
670 3493 838 3554 universale
857 3502 1040 3585 peccatum&

73 3599 298 3675 cumomnibus
319 3598 447 3666 viribus,
482 3613 550 3655 cum
567 3593 686 3671 justitia
706 3597 736 3652 et
749 3595 904 3671 sapientia
925 3599 1026 3659 carnis

71 3699 163 3769 omni,
199 3696 279 3772 quod
310 3696 383 3755 baec
416 3687 513 3755 om'nia
533 3692 695 3769 injudicio
715 3692 771 3765 Dei
792 3693 866 3755 nibil
886 3697 962 3773 sint,
994 3701 1026 3759 at
