2190 4064
71 124 114 185 8⁶
413 117 663 189 ..assentio
684 170 689 175 .

75 291 207 343 naum,
244 291 280 335 ss
312 274 573 363 qussdspuutur-
600 266 767 339 disinitusl
809 265 878 329 Gur
902 281 961 327 sou
984 262 1022 325 hi
1058 254 1068 271 '

75 382 205 441 utuntur
230 376 379 456 sapientis
405 382 437 437 et
467 375 702 457 potoniissus,
736 368 788 427 nbi
809 369 896 429 lleus
927 369 1023 438 voluit

78 485 186 546 nempe
203 477 234 527 in
249 478 340 529 renus
354 479 433 529 intra
445 490 478 530 se
492 478 610 550 positis,
628 471 667 531 de
682 473 792 549 quibus
804 472 881 533 disit
899 489 984 551 pons
995 476 1023 533 2

78 570 187 631 lderito
206 571 300 649 igitur
320 571 474 643 falluntur,
496 553 684 641 etssclamnnt,
705 576 826 631 loturus
844 575 944 631 omnis
958 571 1025 633 tisri·

83 675 146 761 Sed
171 675 260 735 nimis
281 692 366 747 sero,
398 679 468 755 post
488 676 623 765 perditas
636 730 639 741 ,
651 665 766 735 scilieet
792 672 986 753 respublicas
1000 679 1028 732 et

81 797 188 840 sserss
214 777 349 857 imperis.
392 779 560 841 Stultorum
581 781 659 839 enim
680 778 739 837 hoo
758 793 881 837 carmen
902 777 1027 851 estsu-

80 902 163 945 sere:
206 881 274 942 Non
294 886 449 960 putaram,
470 888 502 943 et
522 884 666 955 anoussro
686 870 847 942 fortunam.

116 1050 119 1057 ,
149 986 268 1065 ,Neque
284 985 495 1047 euimlorluna
509 962 593 1060 ιιιιὶι,ἶ
610 992 646 1048 ut
664 985 771 1046 fallent
785 984 910 1057 consiliu
924 989 1029 1048 nostra

83 1092 138 1153 ssd
162 1070 222 1152 'tue
248 1089 379 1160 stultitia
404 1094 436 1151 et
462 1092 630 1171 ignorantia
650 1088 708 1149 Ilei
735 1096 775 1155 et,
793 1091 858 1163 tui,
898 1091 1030 1169 primun,

85 1194 166 1273 quod
187 1211 246 1254 uon
267 1192 432 1273 intelligis,
453 1197 520 1270 quis
541 1174 576 1256 tu
599 1196 657 1267 sis,
685 1191 792 1253 deinde
812 1192 895 1271 quod
914 1211 977 1253 nou
995 1194 1032 1255 ri·

85 1299 156 1373 des,
178 1297 257 1376 quod
279 1300 320 1358 sit
339 1296 512 1358 mandatum
532 1298 605 1373 Ilei,
636 1303 836 1376 etqnstenus
857 1294 1033 1358 involueris
1073 1302 1076 1311 '

85 1420 229 1484 praeesse
243 1404 344 1462 rebus.
385 1401 485 1465 Altius
508 1404 616 1487 incipis
637 1421 767 1472 carmen,
787 1403 940 1463 asinorum
949 1420 1033 1473 mors,

87 1526 160 1587 erpo
186 1506 265 1569 malo
292 1499 432 1567 desinis..
454 1505 522 1569 Hoc
548 1513 655 1587 postea
681 1525 749 1567 cum
776 1496 876 1579 rides,
911 1505 1035 1567 olsmm:

87 1613 195 1675 Nullus
217 1616 264 1673 est
283 1610 383 1684 Deus,
415 1611 499 1672 nulla
527 1616 574 1672 est
601 1609 788 1692 providentia
809 1609 918 1669 divine.
960 1610 1036 1676 {luis

89 1718 299 1798 sapientissimi
321 1718 472 1797 principes
487 1736 546 1778 non
558 1716 717 1798 perficiunt
736 1715 808 1785 hoo,
830 1713 912 1791 quod
923 1716 1036 1794 sapien.-

89 1823 204 1883 tissime
225 1822 459 1899 constituerunt,
490 1821 688 1901 potentissimi
716 1838 803 1900 repes
825 1836 886 1893 uon
908 1818 1036 1881 efficiunt

89 1927 147 1987 hoc
168 1925 248 2003 quod
267 1931 409 2004 possunt.
437 1928 555 2003 iniquus
575 1928 668 2006 igitur
688 1929 735 1987 est
754 1924 855 1995 Deus,
878 1928 933 1984 aut
952 1924 1037 2004 plene

92 2029 202 2100 nullus,
223 2030 293 2105 quia
314 2028 425 2107 alioqui
445 2032 609 2111 respiceret
626 2029 878 2113 supientesriros,
899 2033 931 2089 et
944 2029 1038 2091 omnis

92 2136 138 2195 sio
157 2138 348 2212 gererentur,
365 2140 400 2194 ut
420 2133 642 2195 destinavimus.
684 2135 832 2215 Egregiae
852 2152 925 2195 vero
945 2151 1038 2206 uoces,

94 2240 180 2317 quusi
202 2257 271 2299 vero
288 2238 385 2299 Deum
406 2237 496 2300 talem
509 2238 606 2299 Deum
627 2259 694 2301 esse
713 2231 877 2313 conveniat,
900 2240 952 2317 qui
975 2256 1038 2301 oum

94 2345 175 2405 videt
196 2348 227 2404 lo
249 2345 493 2425 putremissnilias
514 2346 666 2424 supienter
687 2334 853 2406 instituisse
867 2344 973 2417 omnis,
995 2330 1043 2404 uc·¹

96 2445 200 2529 rodat,
221 2449 354 2510 sidicat
374 2451 443 2511 tibi:
484 2449 608 2511 Domine
628 2449 850 2530 paterfamilias,
869 2453 954 2509 recte
975 2467 1041 2510 oon·

97 2557 216 2635 suluisti
239 2557 351 2627 omnis,
387 2556 624 2635 sapientissimus
650 2554 696 2612 vir
717 2572 765 2625 es,
793 2554 844 2630 qui
873 2556 1041 2634 gubernem

96 2665 210 2741 possis,
232 2663 321 2722 etiam
342 2661 406 2719 sine
426 2677 482 2719 me.
524 2659 582 2719 Ubi
601 2663 702 2738 sutem
722 2658 840 2718 interim
860 2664 963 2739 manet
983 2658 1043 2738 glo·

97 2768 143 2826 rin
163 2773 196 2827 et
215 2768 356 2845 majestas
379 2764 499 2823 divinet
540 2764 598 2825 Ubi
626 2768 727 2824 manet
746 2765 812 2843 ipse
832 2761 931 2833 Deus,
963 2763 1044 2821 situ

99 2872 197 2951 omnia
215 2870 371 2951 prospieis,
391 2870 547 2949 pulnerrros¹
564 2874 595 2930 et
615 2869 743 2945 elfioisl¹
771 2869 804 2927 Si
825 2871 878 2926 tua
899 2865 1044 2947 sapientis

99 2977 285 3054 ot‚‚pole,ntis
304 2975 376 3035 iacit
397 2974 505 3045 omnis,
526 2991 635 3053 nempe
654 2972 754 3034 divion
774 2972 922 3052 supientia
943 2974 1045 3053 etpo-

99 3062 195 3151 tentis
213 3078 270 3139 lroc
290 3078 377 3139 modo
397 3080 428 3138 iu
449 3074 571 3136 nihilum
593 3077 748 3158 redigitur.

120 3236 123 3241 .
183 3181 263 3247 Quin
288 3184 390 3263 polius
419 3183 613 3243 destruantur
641 3183 764 3244 consiliu
786 3188 854 3252 tua,
877 3176 1048 3261 'dissipetur

99 3252 234 3367 potentin
255 3291 285 3346 et
307 3290 453 3369 sapientis
473 3293 542 3360 tua,
566 3290 602 3346 ut
623 3287 804 3365 experientia
825 3288 940 3359 discas,
955 3285 1049 3363 quod

101 3392 309 3475 quo-,quisque
331 3398 378 3453 ost
398 3392 575 3474 sapientior,
604 3409 639 3452 eo
660 3392 757 3450 minus
780 3390 870 3452 efficit
890 3391 949 3451 hoo
969 3388 1050 3467 quod

100 3484 180 3569 vito,
201 3515 235 3558 eo
257 3503 303 3557 est
323 3495 444 3559 stultior
464 3500 496 3556 et
509 3493 662 3557 infelicior.
704 3495 837 3594 Econtpa
850 3496 1050 3555 uhinonnun

99 3619 189 3678 quam
210 3602 360 3663 minimum
381 3602 446 3683 spei
468 3603 532 3675 ost,
555 3598 595 3660 ihi
616 3597 754 3660 isoillimo
776 3599 927 3672 succedit,
948 3599 1015 3660 nt
1005 3617 1051 3659 ιι·

496 3938 501 3949 ι
616 3930 701 3951 *-
