2204 4058
105 252 147 312 84
223 214 225 221 ¹
477 242 707 307 Enarratio,
737 202 742 211 ι

42 460 45 473 ,
109 388 299 470 damnatum,
335 385 405 474 quia
423 392 506 458 Deus
529 403 646 460 tantum
664 398 766 478 diligit
795 401 972 478 sapientiam
993 403 1062 463 alas

109 499 258 562 conditam
279 502 310 558 et
331 497 498 559 coelestem.
541 500 594 557 Sic
615 500 693 569 euim
722 497 781 557 dixi
802 502 915 559 textum
934 501 1065 561 reddeu-

110 598 181 659 dum
202 616 276 671 esso,
297 600 411 657 utnon
433 596 473 657 si't
493 597 608 657 incerta
621 598 768 677 sapientia
787 590 897 671 nostra,
920 600 975 675 sed
998 619 1063 661 cer·

18 764 20 767 ,
108 690 236 770 tissima,
259 700 290 757 et
310 701 416 757 tamon·
431 698 571 773 mystica,
593 715 648 757 seu
668 698 699 756 in
719 699 860 773 mysterio
880 699 1065 772 abscondita,

17 852 19 857 .
109 817 196 875 quam
213 784 312 869 „iatio
328 813 410 856 ·.nou
454 796 615 875 intelligit,
656 797 713 855 nisi
744 814 763 855 a
802 788 919 876 spiriti
959 807 1064 858 sancto

109 897 286 964 illustretur.
328 894 377 955 Ad
403 896 481 955 hanc
509 895 683 974 sapientiam
711 896 736 954 si
765 896 868 955 mundi
898 899 1064 976 sapientias

109 995 385 1079 conferas,¹videbis
405 1014 458 1054 eas
479 995 607 1053 incertas
629 998 660 1052 et
681 992 862 1055 fluctuantes
879 1014 945 1054 esse
966 997 1064 1055 instar

109 1094 209 1155 maris.
252 1093 332 1160 auid
359 1092 487 1157 enimin
517 1091 626 1152 mundo
654 1093 761 1152 stabile
781 1097 834 1153 a'ut
854 1094 971 1153 firmum
993 1096 1061 1155 estt

110 1192 218 1265 Nostra
239 1196 339 1253 autem
367 1192 515 1273 sapientia
534 1192 601 1251 ideo
623 1192 739 1252 stabilis
760 1194 887 1269 estquis
909 1180 956 1253 est
977 1199 1064 1258 extra

108 1276 253 1357 mundum
273 1295 304 1351 iu
325 1292 388 1353 Deo
411 1294 510 1372 posita
532 1296 563 1350 et
582 1293 674 1350 verbo
695 1290 772 1368 ejus.

193 1386 255 1452 Sed
275 1393 324 1452 hio
344 1392 373 1452 id
396 1410 513 1469 quoque
533 1388 712 1467 mouendum
732 1393 794 1460 est,
826 1391 950 1451 alteram
970 1393 1063 1470 hujus

14 1560 15 1573 χ
42 1526 44 1533 ·
108 1510 214 1552 sersus
233 1490 413 1571 particulam
441 1511 507 1551 esse
540 1508 597 1550 ceu
615 1489 879 1569 precatiunculam.
921 1492 1063 1551 Nascitur

109 1596 212 1651 autem
233 1590 473 1667 inacquaestio:
516 1590 593 1650 llum
614 1590 693 1649 hanc
713 1590 916 1651 absconditam
944 1593 1062 1670 sapien·

110 1691 182 1750 lirim
200 1691 263 1769 j'am
295 1693 366 1749 ante
386 1690 507 1763 lrabeat,
539 1706 595 1750 cur
615 1706 681 1748 eam
700 1691 794 1767 petat.
838 1690 912 1749 lllarn
934 1690 985 1765 qui
1006 1707 1060 1768 po·

20 1797 23 1801 '
110 1793 172 1849 test
193 1774 314 1849 canere:
346 1789 418 1847 'ribi
441 1788 537 1848 solum
556 1805 663 1866 pecco,
684 1792 719 1847 tu
739 1790 837 1847 autem
858 1787 939 1848 solus
957 1788 1060 1865 justus

109 1908 156 1959 es,
188 1890 250 1949 iste·
266 1888 400 1966 proiecto
432 1870 509 1946 hanc
528 1886 639 1945 mundo
660 1885 864 1965 absconditam
884 1888 1060 1965 sapientiam

104 1987 168 2066 jam
195 1988 286 2046 habet
314 1989 345 2045 et
366 1986 460 2056 novit,
491 2001 551 2043 nou
579 1983 674 2043 solum
701 1984 782 2061 quod
804 1986 842 2044 ad
863 1986 1061 2064 cognitionem

67 2066 70 2073 ¹
107 2086 224 2166 peccati
246 2086 367 2156 attinet,
388 2082 442 2143 sed
463 2082 553 2142 etiam
573 2083 654 2159 quod
676 2085 783 2144 attinet
804 2084 843 2144 ad
864 2086 1060 2164 coguitionem
1092 2160 1095 2165 Ι

109 2187 239 2264 gratiae,
273 2202 342 2243 nam
374 2174 483 2259 alioqui
515 2167 698 2260 desperaret.
750 2184 814 2243 Cur
845 2164 922 2264 getit
944 2184 1058 2263 igiturl

107 2284 172 2345 Gur
199 2284 286 2345 dicit:
329 2280 382 2341 Tu
414 2283 619 2355 absconditam
650 2283 827 2361 sapientiam
854 2284 926 2341 milri
957 2287 1060 2342 uotam

106 2384 213 2455 iacies,
244 2369 312 2445 oum
340 2382 401 2459 jam
428 2378 522 2442 'antea
543 2400 608 2440 eam
629 2382 738 2465 habeat
759 2383 881 2441 uotami
924 2374 1059 2463 Respon-

107 2484 176 2544 deo:
218 2484 291 2543 Pius
311 2480 380 2560 plus
400 2483 518 2559 peccati
539 2480 628 2558 quam
649 2481 772 2560 gratiae,
793 2481 862 2560 plus
883 2483 947 2541 irae
968 2478 1080 2559 quam'

104 2582 229 2655 latoris,
259 2581 328 2660 plus
348 2580 451 2657 judicii
484 2598 573 2657 quam
603 2579 793 2657 redemtionis
816 2581 922 2652 sentit,
951 2585 1058 2641 contra

104 2683 212 2761 impius
232 2678 296 2739 iere
317 2678 389 2737 nihil
410 2680 472 2737 irae
494 2682 600 2751 sentit,
632 2678 686 2739 sed
716 2681 760 2739 sie
787 2684 833 2739 ast
854 2688 991 2750 securus,
1020 2700 1056 2749 uu

104 2782 130 2842 si
151 2780 234 2842 nulla
254 2786 381 2854 usquam
414 2780 474 2847 ira,
503 2778 604 2837 nullus
636 2796 764 2854 usquam
783 2778 902 2838 ’vindex
919 2779 1057 2855 justitiae

103 2880 187 2941 Deus
218 2884 307 2940 esset.
350 2877 416 2937 Hoc
442 2881 544 2937 autem
564 2879 595 2935 in
615 2877 675 2937 illis
703 2880 826 2937 maxime
847 2878 970 2949 accidit,
1002 2882 1056 2954 qui

105 2980 235 3056 aliquam
255 2977 407 3056 religionis
429 2976 559 3055 speciem
578 2982 753 3053 sequuntur,
775 2978 1056 3038 sieutFranoiscaui

105 3079 195 3157 impie
216 3068 382 3157 gloriantur
403 3094 487 3135 suam
508 3076 681 3154 religionem
711 3077 790 3135 vitae
811 3075 922 3136 Christi
944 3077 1059 3137 similli-

103 3195 182 3236 mam
204 3196 279 3247 esse,
300 3174 365 3234 ideo
387 3175 417 3233 iu
438 3175 496 3234 ista
517 3176 678 3240 securitate
700 3175 773 3234 nihil
793 3180 888 3234 orant.
921 3176 1056 3236 Econtra

101 3276 179 3356 pius,
199 3276 310 3353 quanto
333 3275 424 3334 sentit
443 3275 538 3353 magis
559 3293 644 3334 suam
664 3273 877 3347 infirmitatem,
911 3252 994 3334 tanto
1023 3278 1056 3335 in

103 3374 236 3436 oratione
263 3374 357 3452 magis
387 3377 435 3434 est
462 3373 610 3434 assiduus.
654 3373 822 3452 ingreditur
847 3375 932 3434 'euim
965 3375 1055 3434 simul

102 3474 172 3535 cum
191 3476 251 3534 ista
270 3472 417 3551 sapientia
437 3472 577 3532 contiuua
598 3474 700 3532 oratio.
746 3472 825 3538 Quia
846 3474 923 3533 onim
945 3468 1053 3533 sensus

50 3564 53 3569 ’
100 3574 217 3657 peccati
237 3592 295 3633 nou
317 3576 430 3644 cessat,
459 3571 527 3632 ideo
548 3573 637 3631 etiam
665 3573 793 3652 gemitus
823 3577 854 3631 et
875 3572 969 3632 oratio
991 3590 1053 3632 uon

58 3668 208 3792 'um'
242 3690 304 3751 qua
322 3671 438 3752 petitur
465 3670 609 3751 perfactio
635 3670 725 3751 huius
747 3671 920 3750 sapientiae.
963 3669 1050 3732 llaec
