2190 4064
70 219 132 281 m
410 209 708 277 Praelsetlones

67 370 203 428 rusalenr.
247 366 311 425 ilos
341 388 375 428 eo
406 368 527 429 consilio
555 368 604 427 hio
631 364 829 447 repetendum
860 367 890 425 ei
914 364 997 425 aime·

68 468 196 527 nendum
228 485 294 525 asse
323 466 406 536 duxi,
441 472 475 526 ut
502 468 673 546 prohibeam
700 466 911 546 cogitationes,
935 482 997 543 quas

68 566 254 627 adscendunt
281 568 404 647 propria
429 569 596 626 temeritate
624 566 663 625 ad
690 564 803 623 nudum
839 564 946 635 Deum,
972 566 996 623 ei

69 666 183 745 lingunt
204 663 299 723 Deum
320 668 350 723 in
371 666 451 725 coelo
478 686 544 725 esse
563 663 765 723 invocandum.
809 664 995 724 Numisiana

68 764 214 826 tenendus
236 770 295 835 est,
317 766 345 822 in
369 782 427 841 quo
448 765 529 824 Deus
551 764 616 823 sarit
638 763 763 824 adorari.
807 764 836 823 ls
857 764 912 823 fuit
929 763 994 824 loona

68 864 251 925 tabernaculi
267 869 399 942 tompore
414 865 497 943 legis,
519 869 549 923 et
563 868 645 923 reete
668 864 778 922 (licitur
792 863 914 935 eoelum,
934 864 994 922 siem

69 965 193 1025 ministri
214 965 279 1042 ejus
301 965 357 1023 loci
379 969 409 1023 ei
429 966 562 1023 cultuum
585 964 724 1023 dicuutur
740 962 856 1035 stellae,
877 967 994 1041 etpopu

69 1064 131 1135 lus,
161 1066 306 1123 exercitus
329 1063 417 1136 coeli,
440 1066 516 1123 sicut
538 1064 643 1122 Esaias
666 1066 696 1121 et
718 1060 825 1122 Daniel
853 1060 995 1140 loquuntur

69 1164 139 1222 lisa.
161 1168 210 1224 40.
224 1161 329 1223 Daniel
346 1166 375 1223 8.
396 1168 443 1227 ll.
466 1164 498 1221 ln
520 1181 593 1222 noso
615 1164 792 1223 testamento
814 1160 936 1220 diximus
951 1177 995 1220 nor

70 1284 136 1323 esse
157 1262 284 1341 aliquem
306 1263 489 1342 corporalem
504 1263 610 1335 locum,
629 1261 682 1322 sed
702 1260 919 1341 plenitudinem
938 1261 995 1320 ‹livi-

70 1364 172 1422 nitatis
194 1383 259 1423 esse
281 1371 311 1424 et
339 1364 462 1423 inveniri
483 1364 513 1420 in
533 1380 592 1419 uuo
613 1361 728 1421 homine
749 1365 780 1420 ei
800 1360 865 1421 Deo
886 1363 994 1421 Christo.

69 1463 146 1541 Ejus
167 1464 295 1543 populas
318 1482 371 1522 seu
392 1462 551 1523 eredentes
579 1462 768 1541 appellantur
797 1481 921 1541 reguum
944 1460 995 1531 liri.

70 1566 149 1624 sicut
169 1564 281 1623 Paulus
303 1562 388 1623 dieii:
415 1563 567 1640 „Regnum
594 1562 650 1620 Dei
677 1564 708 1619 in
728 1561 811 1621 vobis
838 1568 917 1634 est,“
944 1560 996 1620 ileo

70 1663 289 1740 scilieet,{qaia
309 1662 456 1734 Christus,
477 1681 528 1720 rex
550 1659 631 1730 coeli,
653 1660 683 1717 in
704 1662 815 1720 sauciis
835 1680 893 1740 per
920 1659 996 1739 Spiri-

71 1768 135 1823 tum
156 1768 187 1822 et
207 1766 327 1822 verbum
349 1781 435 1821 suum
456 1765 570 1840 regnat.
614 1761 665 1819 Sie
675 1759 787 1819 Paulus
803 1762 833 1819 iu
859 1761 997 1821 colonen

72 1864 155 1922 sibus
177 1862 256 1931 dicit,
279 1880 332 1919 uos
354 1863 470 1921 esseio
494 1860 686 1932 coelestibus,
708 1879 765 1920 nou
789 1861 868 1937 qnod
890 1877 996 1940 corporo

73 1961 164 2021 simus
184 1962 212 2018 in
235 1959 339 2030 coelis,
367 1960 420 2019 sed
442 1960 522 2036 quod
541 1960 592 2018 ille
612 1979 679 2030 rex,
707 1960 757 2036 qui
785 1968 906 2040 regnat,
932 1959 996 2027 sirit,

5 2082 10 2111 ι
71 2060 218 2137 loquitur,
240 2064 381 2136 operatur
401 2060 432 2117 in
453 2060 552 2129 nohis,
574 2063 621 2117 est
640 2078 692 2117 rex
714 2058 786 2118 coeli
810 2064 867 2119 ete.

153 2156 219 2216 Hoc
240 2156 305 2216 ideo
327 2158 526 2218 necessarium
554 2163 600 2218 est
619 2160 712 2229 seila,
738 2162 773 2218 ut
793 2160 997 2221 maneamusiu

73 2261 170 2328 reeta,
206 2256 260 2317 sed
296 2261 394 2316 lamen
431 2259 600 2336 angustiore
635 2258 754 2329 semila,
788 2278 845 2319 nee
873 2266 997 2340 putemus

47 2342 216 2418 'Davidem
237 2376 338 2418 orasse
359 2362 459 2437 spreto
488 2355 607 2436 templo.
650 2358 710 2422 Qui
736 2358 814 2417 euim
842 2357 899 2420 hoo
923 2358 997 2419 faeie

72 2462 161 2529 bant,
189 2462 275 2519 erant
302 2458 437 2539 sacrilegi
458 2461 489 2517 et
516 2460 684 2535 apostatae,
713 2457 833 2519 aiente
859 2457 998 2540 prophelis

74 2557 272 2639 appellantur.
315 2558 416 2623 Quare
429 2559 572 2618 addamus
589 2556 667 2616 hane
680 2556 817 2635 glossam,
837 2578 905 2619 eum
917 2553 999 2620 Darii
1027 2631 1032 2640 Ι

73 2658 162 2719 elicit:¹
187 2658 246 2721 aui
267 2657 381 2716 habitat
401 2660 431 2717 in
452 2658 556 2729 coelis,
577 2661 612 2717 ui
631 2656 708 2715 idem
729 2657 785 2728 sit,
806 2676 843 2717 ae
863 2660 889 2719 si
918 2657 999 2719 dien:
1028 2723 1032 2740 Ι

74 2757 133 2823 (ini
161 2756 275 2817 habitat
302 2757 333 2813 in
355 2756 431 2843 Zion
459 2776 514 2816 seu
533 2756 728 2819 Hierusalem.
771 2756 822 2817 Sic
850 2759 931 2839 apud
956 2772 1000 2818 uos
1029 2745 1036 2782 “¹

74 2856 157 2916 nulla
176 2860 221 2917 est
245 2856 337 2914 oratio
359 2859 441 2916 extra
461 2855 627 2929 Christum,
649 2854 701 2916 sed
723 2853 867 2932 quidquid
888 2873 1002 2927 oramus.
1025 2895 1028 2906 ·

75 2974 192 3015 oramus
213 2955 242 3012 in
265 2954 380 3013 nomine
400 2958 431 3014 et
450 2952 559 3014 fiducia
575 2956 682 3016 domini
703 2954 883 3017 uosiriJesu
896 2954 1004 3027 cunii,

19 3046 22 3051 ’
74 3055 124 3129 qui
146 3056 188 3113 iia
209 3058 256 3113 esi
283 3053 431 3114 habitator
458 3052 546 3123 meli,
575 3060 610 3113 ut
637 3059 735 3115 tamen
762 3055 928 3117 seeundum
950 3073 1007 3119 aar·

73 3152 143 3211 bum
164 3158 195 3213 et
215 3152 354 3231 spiritum
374 3153 414 3213 sit
441 3151 594 3211 nobiseum
621 3155 651 3214 iu
672 3159 766 3228 terra,
796 3158 828 3215 ei
847 3162 955 3236 regnet
981 3156 1008 3217 ia

71 3267 176 3321 mauu,
213 3250 315 3331 lingua
349 3257 381 3314 ot
417 3250 551 3311 omnibus
579 3254 715 3315 membris
742 3256 862 3315 naamis.
913 3258 1011 3319 Omnia

73 3350 150 3408 enim
171 3354 340 3411 sauciorum
362 3370 453 3432 opera
472 3356 544 3411 aaut
570 3368 662 3430 opera
688 3354 800 3415 christi
826 3356 857 3416 iu
878 3358 924 3419 eis
951 3377 1013 3439 reg·

73 3448 181 3509 naulis.
225 3450 327 3527 Neque
347 3452 424 3512 enim
445 3449 643 3531 separandum
670 3459 716 3513 est
744 3455 899 3520 coeluma
927 3462 1015 3531 lem,

72 3551 152 3610 sieut
171 3548 268 3609 David
288 3568 346 3610 uon
367 3556 489 3631 separat
509 3550 623 3611 eoelum
644 3557 675 3613 ei
702 3554 777 3614 Zion
798 3574 854 3617 seu
873 3556 1018 3632 Hierusa-

77 3648 142 3709 lem.
185 3650 217 3709 ln
238 3650 357 3710 Christo
385 3650 462 3711 enim
492 3649 605 3711 eoelum
633 3656 663 3711 et
689 3654 770 3713 terra
799 3657 963 3736 conjunct.
990 3666 1019 3723 qt
