2190 4064
422 278 579 340 ιιιιηιι
600 246 648 339 n]
777 244 783 287 ³
820 326 825 341 .
975 278 1016 339 as

57 434 232 519 disputant,
243 432 307 497 sed
329 400 367 494 de
390 430 467 494 uelle
486 428 611 509 benum,
632 422 722 509 idque
744 434 851 490 vocant
871 428 1016 489 naturale.
1084 480 1089 501 ,

54 538 87 597 ln
107 556 148 599 eo
172 552 262 597 error
283 536 338 595 est'.
376 528 483 595 Manet
503 516 640 593 voluntas
661 532 692 589 ln
714 530 845 602 diabolo,
865 533 967 589 manet
986 528 1018 587 in
1052 548 1056 559 ·

55 636 242 705 humum,
271 630 697 694 memmmemenmmme
742 628 1018 689 &deamhmm

57 710 1018 817 nmmmmfflmfflmmtmmffimm

58 840 175 896 manet.
208 834 291 912 Ergo
312 834 339 893 sl
359 842 429 892 rere
447 830 584 891 volumus
604 829 642 890 (le
661 822 848 889 naturalibus
870 830 952 913 loqui
968 849 1020 889 se-

61 934 199 997 eundum
220 934 303 1021 hune
323 914 472 1011 psalmum
512 935 544 991 et
569 931 738 991 seeundum
769 930 901 1009 Spiritus
922 924 1020 989 saneti

59 1036 206 1106 medum,
236 1036 311 1093 tunc
340 1046 478 1090 vocemus
500 1028 647 1089 naturalia
668 1030 857 1108 meipsum,
888 1027 1034 1107 quadiu·

60 1134 205 1217 peccatis·
223 1136 254 1191 et
274 1134 370 1191 morte
392 1148 502 1201 sumus,
524 1131 603 1206 quod
626 1133 768 1209 corrupta
789 1132 819 1189 et
839 1122 918 1189 mala
937 1128 1021 1193 relu—
1083 1158 1090 1179 ι

60 1255 139 1306 mus,
160 1231 358 1310 intelligimus
380 1235 410 1290 et
432 1234 603 1311 expetimus.
642 1228 727 1288 Haec
747 1230 823 1289 enim
845 1246 913 1289 eum
933 1246 1021 1308 prae-

62 1336 142 1397 senti
164 1316 277 1413 psalmi
298 1329 362 1389 loeo
385 1330 570 1400 conveniunt,
593 1333 623 1388 et
644 1348 679 1388 ex
700 1347 734 1387 ee
747 1330 869 1408 probari
883 1333 1020 1408 possunt.

145 1433 237 1492 llaec
270 1431 343 1490 satis
365 1432 424 1490 sint
453 1430 490 1490 (le
519 1428 703 1489 consessione
722 1430 840 1508 peceati
870 1428 1021 1508 originalis
1065 1422 1069 1429 ’

60 1512 1080 1607 ΜΜΜΜΜ,ΜΜΜΜΜΜΜΜὉ

61 1644 128 1697 tum
150 1635 211 1702 est,
234 1649 291 1689 nee
311 1630 461 1689 revelatur
481 1630 602 1699 viribus,
624 1634 671 1687 rat
659 1629 788 1688 tionibus
811 1634 863 1687 aut
884 1629 1021 1707 specula-

59 1726 1021 1817 wmfflm,sQfflNJmm,Qmmm

61 1835 239 1895 excusetur
281 1830 351 1888 ldee
372 1847 446 1908 opus
468 1833 514 1887 est
534 1830 624 1888 verbe
645 1826 701 1887 Dei
723 1828 760 1887 de
781 1828 871 1900 coelo,
894 1846 951 1905 que
972 1849 1020 1889 re-

59 1935 186 1995 ueletur
215 1930 290 1990 haee
311 1934 437 1989 naturae
458 1914 657 2013 immundities
679 1940 733 1990 seu
754 1930 872 2001 vitium,
903 1931 974 2006 quin
983 1928 1017 2017 *J

58 2034 155 2095 verbo
181 2030 338 2090 eredentes
364 2028 566 2111 ¹'conliteamur
593 2008 667 2089 haee
698 2030 741 2089 sie
761 2029 880 2101 habere,
903 2030 1018 2090 etiamsi
1076 2080 1078 2087 ,

58 2138 127 2195 tota
148 2135 264 2217 natura
285 2128 441 2198 reclamet,
475 2129 552 2188 sieut
576 2132 692 2209 cogitur
720 2128 892 2189 reclamare.
934 2128 1019 2191 Haec

58 2235 156 2313 hujus
182 2230 299 2310 psalmi,
321 2231 378 2287 imo
399 2230 490 2288 totius
512 2214 682 2311 seripturue
703 2249 757 2290 seu
778 2224 943 2309 theologiae
965 2220 1020 2289 dtr*

57 2333 200 2395 fieillima
220 2328 357 2390 doctrina
378 2332 431 2399 est,
454 2329 517 2388 sine
539 2348 597 2407 qua
617 2328 798 2409 impossibile
820 2334 865 2389 est
890 2332 1019 2409 scriptu·

58 2452 128 2495 ram
149 2432 237 2490 reete
258 2428 404 2507 intelligi,
425 2429 504 2488 sicut
525 2429 724 2511 recentiorum
745 2430 858 2490 somnia
878 2431 1014 2508 probant
1041 2408 1047 2421 ¹
1088 2448 1091 2455 ·

57 2534 152 2601 Nune
175 2530 332 2605 sequitur:
664 2514 671 2530 '
979 2508 1012 2547 '³

515 2614 575 2685 Vll.
650 2696 653 2701 ¹
753 2629 758 2639 '

59 2728 296 2795 Ecee'enim
324 2726 537 2786 veritatem
567 2725 766 2816 ‹lilenistiz
795 2724 955 2790 incerta
977 2730 1019 2807 e'jt

62 2828 234 2895 occulta
264 2827 487 2905 sapientiae
508 2830 599 2886 tuae
626 2828 897 2890 manifestasti
918 2832 1017 2901 mihi.

152 2926 260 2989 Multis
282 2927 447 2999 nominibus
468 2927 608 2987 hocloco
630 2929 786 3007 interpres,
808 2930 941 3007 quisquis
952 2932 1018 3007 fuit,

63 3028 240 3110 culpandus
261 3031 315 3098 est,
336 3036 403 3086 nam
423 3031 633 3106 praeterquam
656 3026 733 3103 quod
755 3031 886 3089 membra
912 3022 1018 3093 versus

62 3132 173 3208 inepte
195 3126 336 3198 confudit,
358 3126 469 3186 etiam
461 3122 767 3205 rmpiainsententiam
782 3135 914 3209 generat.
938 3130 1019 3227 Quid

64 3246 149 3290 emm
161 3231 216 3297 est
237 3228 315 3304 quod
327 3229 431 3287 vertit
453 3229 597 3286 incertam
611 3228 808 3311 sapientiami
837 3228 925 3291 Absit
940 3233 1018 3315 enim

66 3346 86 3388 a
109 3326 290 3399 christianis,
313 3328 389 3388 absit
412 3327 568 3387 electore
589 3345 689 3386 eorum
712 3328 829 3407 Spiritu
850 3334 962 3402 sancto,
983 3308 1019 3411 ui

53 3427 241 3488 ineertaet
227 3424 352 3487 tdubia
373 3424 486 3486 (laceat.
514 3428 589 3486 Nam
609 3424 671 3499 hic,
688 3428 712 3487 si
725 3422 852 3506 usquam
873 3431 951 3503 alibi,
964 3420 1019 3492 ‹ie-

68 3528 123 3589 bet
143 3540 211 3586 asse
230 3524 321 3605 plena
343 3522 575 3619 πληροφορία,
599 3524 774 3589 certissima
774 3530 952 3619 permissio
963 3550 1019 3609 seu

70 3626 185 3687 veritae
209 3630 240 3685 et
259 3614 419 3685 infallibilis
440 3622 497 3699 lux,
522 3646 581 3705 qua
590 3625 674 3689 Deus
694 3647 750 3710 per
763 3622 892 3690 'verbum
907 3634 937 3690 et
950 3622 1017 3710 Spi-

69 3712 298 3731 m·

129 3734 175 3810 ⁴)
197 3738 228 3793 lu
246 3734 325 3795 editt.
346 3738 435 3813 origg.
456 3742 490 3795 le
510 3758 580 3798 aare
600 3740 671 3802 itte
690 3757 720 3803 at
737 3738 809 3804 158⁹
824 3742 904 3820 lep
924 3743 999 3818 uui
1066 3800 1075 3811 .
