2190 4064
61 100 129 201 1βᾶ
186 179 196 195 Μ
289 132 293 143 ·
431 66 653 203 Ἐυαιιᾷῑὶο

66 262 102 323 n.
144 261 305 325 Domine
327 265 468 326 exandi
486 284 771 345 vocemmeam,
792 266 1024 351 {tentantes
1071 302 1073 309 ·

68 371 162 429 tuae
194 348 454 433 intendentes
487 375 525 433 in
552 390 688 434 vocem
716 368 1025 453 deprecationis

486 464 632 539 meaa¹

66 639 69 644 .
131 578 316 671 loquitur,
350 585 386 643 nt
412 586 483 643 ante
513 583 591 658 dixi,
623 590 698 645 cnm·
713 582 798 653 Deo,
832 574 927 663 cnjus
947 584 1027 646 sedes

70 689 138 746 erat
154 686 184 745 in
191 684 392 759 Hierusalem,
414 689 493 749 sicut
512 706 567 751 nos
584 687 723 771 caneo
734 688 907 767 loquimur,
928 692 1030 749 etenn

69 797 188 872 patrem
209 791 407 877 appellamus,
429 795 481 872 qui
494 800 541 857 est
555 800 587 858 et
597 793 707 857 colitur
720 798 844 855 tantum
862 794 896 853 in
907 794 1029 855 christe

70 896 163 959 llune
185 897 281 957 [lenm
304 903 379 970 orat,
404 904 440 961 ut
461 900 624 980 diligenter
643 900 715 961 velit
735 900 850 961 andire
871 903 1031 963 orationem

70 1023 165 1065 auam.
230 1004 347 1069 Quodsi
382 1005 467 1067 nobis
488 1007 624 1097 videmur
645 1025 703 1067 non
724 1024 818 1087 posse
842 1007 953 1067 eodem
974 1007 1033 1082 ani7

32 1120 36 1125 '
69 1127 118 1167 nno
146 1113 177 1168 et
207 1110 313 1169 eadem
347 1111 535 1173 vehementia
563 1132 668 1186 orara,
699 1132 792 1190 quam
826 1114 928 1173 verba
961 1112 1032 1173 haec

71 1212 244 1284 ostendunt,
265 1208 486 1277 meminorimns
507 1236 607 1299 neque
625 1217 773 1278 Davidem
795 1218 827 1277 in
851 1233 1032 1297 paroxysmo

70 1320 246 1379 tentationis
281 1321 322 1381 ad
354 1322 435 1383 hunc
467 1323 588 1385 modum
621 1319 784 1399 orasse⁸).
817 1322 1031 1404 ¹Ilesperatns

70 1427 149 1485 enim
167 1406 202 1499 'et
230 1427 326 1488 tristis
348 1429 464 1488 animus
492 1447 552 1490 non
573 1432 658 1511 ortt,
685 1427 761 1507 ,dnm
793 1426 975 1509 desperatio
1003 1432 1032 1487 et

71 1532 198 1617 tristitia
227 1531 336 1606 durat,
370 1533 425 1595 sed
454 1534 660 1614 blasphemiae
691 1537 724 1593 et
754 1550 901 1609 murmur
930 1538 1034 1593 centn

66 1620 169 1697 {lcum
191 1642 257 1699 tuin
277 1640 464 1711 sentiuntur,
498 1658 598 1717 neque
618 1643 722 1720 potest
749 1638 871 1723 matus
892 1638 979 1698 'r'ecte
998 1636 1031 1695 de
1071 1712 1073 1729 Ι

74 1724 139 1803 lieo
163 1744 287 1819 sentire.
328 1743 392 1807 Sed
413 1762 481 1807 cnm
502 1745 630 1807 remittit
649 1748 956 1827 peccaminum-tum
975 1744 1032 1823 pri·
1071 1742 1073 1749 '

72 1866 155 1907 mum
177 1848 284 1929 incipit
303 1847 416 1915 clamor
435 1850 486 1911 hia
507 1854 539 1911 et
558 1844 716 1913 vehemens
738 1847 934 1921 desiderium,
956 1845 1030 1927 qnod

73 1938 103 2013 in
131 1946 316 2034 'paroxysmo
348 1955 390 2015 ita
425 1955 566 2017 obrutum
596 1953 665 2025 luit,
703 1956 740 2017 ut
774 1953 825 2012 vix
858 1954 1028 2015 sentiretur.

72 2057 255 2125 l‘lnrimum¹
272 2062 375 2147 eutem
401 2055 573 2143 'adjuvatur
608 2055 812 2135 animuaffl),
847 2058 932 2118 sient
964 2059 1027 2115 anta

72 2161 146 2234 diri,
181 2179 248 2222 cum
270 2162 357 2223 audit
377 2163 501 2223 tratrem
529 2146 694 2226 commode
704 2164 890 2226 tractantem
911 2163 1029 2224 verbum

74 2267 146 2331 Dei:
190 2268 272 2334 auid
306 2269 437 2337 tristaris
465 2268 584 2329 iraterl
645 2261 702 2331 'Aa
728 2286 789 2331 non
816 2267 908 2331 audis
936 2265 1024 2329 noun

73 2379 200 2435 mortem
220 2375 390 2455 peccatoris
415 2392 475 2439 non
496 2354 595 2435 vellet
636 2372 686 2435 An
707 2372 818 2437 oblitus
839 2391 873 2433 es
894 2372 1021 2453 praecipi

64 2464 161 2559 ¹spem
189 2480 331 2547 attidem
359 2481 391 2547 in
412 2479 531 2565 Deumt
573 2480 692 2558 inspice
723 2479 854 2558 primum
888 2493 1025 2556 praecep

76 2591 158 2659 tum,
181 2585 212 2645 id
233 2585 308 2663 quid
330 2590 385 2661 eat,
407 2590 461 2648 aut
482 2584 555 2662 qnid
576 2584 677 2665 erigit,
698 2578 787 2660 qnam
807 2566 845 2645 u't
864 2580 964 2647 Deum
984 2598 1026 2641 co·

76 2692 175 2753 lainus
195 2689 255 2755 fide
276 2691 308 2757 et
328 2689 404 2767 spei
448 2691 510 2759 cur
532 2689 625 2770 igitur
645 2693 681 2749 tn
707 2686 781 2747 nihil
810 2687 880 2765 ejus
902 2684 1026 2766 benigni·

79 2801 143 2861 tate
174 2792 364 2858 confiderest
399 2813 454 2857 cur
486 2793 687 2874 desperarent
729 2790 798 2852 lloc
831 2792 949 2853 scilicet
979 2795 1027 2860 est,

77 2903 205 2981 peceato
237 2896 352 2957 addere
382 2902 557 2978 peccatum,
590 2903 712 2962 etcum
742 2902 814 2957 ante
842 2898 874 2955 in
895 2896 1028 2955 interiore

78 3003 289 3068 mandatorum
310 3000 370 3063 Dei
391 3003 496 3067 ordine
516 3009 659 3085 peccator
679 3004 737 3075 sis,
770 3021 852 3062 nnnc
882 3003 975 3063 etiem
1001 3004 1029 3063 te

78 3109 238 3175 constituis
259 3109 291 3167 in
312 3126 486 3189 supremum
507 3107 652 3189 gradum,
683 3106 821 3171 addendo
849 3105 890 3165 ad
918 3107 1031 3185 reliqua

77 3221 206 3296 peccata
237 3213 477 3295 desperationem
511 3217 542 3275 at
572 3209 814 3274 incredulitatem
844 3215 904 3273 etc.
958 3213 1030 3273 Gan

79 3320 118 3385 ad
140 3320 220 3383 hunc
241 3318 362 3382 modum
383 3318 493 3407 fidncia
512 3319 544 3382 in
564 3316 680 3389 Deum,
701 3319 732 3377 et
752 3314 959 3381 misericordie
978 3315 1031 3377 Dei

81 3475 291 3494 ...αα-

150 3544 184 3615 θ)
204 3544 297 3607 nanti
309 3546 337 3609 in
350 3549 507 3607 tentatione
518 3563 573 3605 non
587 3545 632 3603 sic
647 3546 750 3606 erasit.
823 3544 874 3619 lt)
897 3544 1031 3619 Insigne·

80 3639 300 3697 consolationes
320 3650 420 3699 contra
439 3640 679 3716 desperationem.

488 3962 491 3965 .
543 3956 588 3966 ...-
