2190 4064
379 153 524 214 ranno
545 151 701 212 cxxvn.
957 126 1018 213 roe·

68 306 136 369 ioco
158 305 292 386 Spiritus
311 290 655 385 imc'sos'2„eum·1ego·
675 302 864 376 condideris,
912 302 1019 383 inquit,

68 430 130 473 non
158 406 366 483 contunderis,
396 409 569 485 quistione
599 409 683 470 (iabit
710 410 765 469 tibi
792 408 933 487 juvenes,
965 384 1018 486 qni

66 521 198 601 possunt
211 516 332 596 juvere*
365 512 450 574 Unus
471 516 594 576 enimet
613 514 691 574 alter
703 496 799 574 bonus
820 514 851 572 in
863 514 1018 595 republica

66 624 114 685 'rit
142 637 235 701 serpe
253 612 357 681 totsm¹
376 619 523 697 reliquum
545 620 652 680 rislum
679 618 899 681 multitudinem
922 621 953 680 in
975 620 1017 681 oi·

66 720 136 797 ficio
156 726 290 787 retinent
309 728 458 807 gravitate
471 710 474 715 ⁴
487 745 543 787 sno
564 730 595 786 et
615 728 785 786 severitate.
826 723 886 784 siu
907 730 1016 798 eutem,-

66 832 121 911 qui
143 830 183 889 sn
203 832 302 891 omnio
322 832 489 903 connivent,
503 824 549 890 'ne
570 832 626 889 sibi
641 830 770 890 conflent
788 831 936 904 invidiam,
956 826 1020 893 non
1087 878 1092 897 ,

63 937 272 1016 magistratus,
292 936 346 996 sed
357 936 457 1017 pictse
479 935 626 1012 quaedem
642 940 761 996 statues
777 936 1018 1016 magistratuum·

65 1046 100 1103 et
120 1040 196 1121 picti
216 1041 468 1121 comprincipes,
489 1041 529 1099 nd
545 1040 658 1101 nnllam
677 1056 742 1101 rem
756 1040 871 1101 'idonei
1014 1036 1018 1041 '

111 1194 114 1207 .
149 1146 277 1219 Hubetis
297 1146 445 1227 psalmum
465 1146 619 1226 politicum
641 1150 673 1205 et
692 1147 919 1219 oeconomicum,
943 1165 1016 1225 quo·
1086 1218 1090 1236 Ι

65 1250 157 1311 modo
184 1252 216 1310 in
243 1255 373 1328 utroquo
402 1240 512 1331 penore
538 1242 617 1311 sites
647 1250 849 1312 instituendus
878 1252 918 1311 sit
944 1254 1018 1332 pins¹

65 1358 200 1427 unimus,
231 1375 269 1415 ns
288 1356 338 1416 vel
358 1374 501 1418 successu
529 1356 618 1414 nimio
645 1357 889 1417 in'secnritrtem
914 1357 1016 1437 prois-

65 1462 190 1533 brmur,
216 1460 264 1520 vel
284 1460 411 1521 adversa
431 1461 551 1520 fortune
566 1461 653 1522 tracti
682 1460 870 1523 discedemus
891 1463 929 1521 ob
951 1460 1015 1522 ciii·

66 1566 122 1627 oio.
166 1565 256 1632 onon
283 1571 445 1644 utrumque
466 1562 564 1644 impiis
585 1566 708 1638 occidit,
740 1568 791 1644 qui
813 1571 878 1627 sino
898 1568 1013 1628 timore

65 1669 122 1731 liei
144 1670 193 1730 rei
212 1673 243 1730 in
265 1672 434 1752 conjugium
455 1670 503 1731 vel
515 1670 657 1750 politiam-
669 1672 797 1732 irruunt.
840 1672 920 1736 (tuis
934 1674 1013 1733 enim

65 1776 205 1837 nesciunt
225 1776 365 1837 divinitus
385 1776 460 1836 haec
480 1777 560 1856 regi,
588 1774 656 1836 ideo
676 1777 739 1837 suis
760 1778 890 1837 consiliis
911 1776 1013 1837 mode·

65 1883 127 1943 reri
157 1881 259 1942 volunt
287 1881 394 1942 omnio.
435 1879 515 1941 Hinc
542 1879 590 1952 fit,
623 1884 735 1943 nient
762 1882 929 1962 periculose
957 1882 1013 1942 im·
1065 1898 1074 1911 ¹

65 1988 206 2067 pingant,
238 1989 291 2046 snt
319 2004 353 2045 eo
380 2004 477 2062 usque
503 1987 674 2046 securitatis
701 1988 959 2068 progredientur,‘
975 1992 1012 2049 ut
1069 2018 1072 2027 =

64 2092 199 2152 revocari
227 2090 266 2150 sd
285 2108 360 2150 sene
382 2089 505 2149 consitio
527 2088 592 2152 ‘non
613 2092 738 2173 possint.
781 2092 883 2159 (tusrc
911 2094 1011 2165 denote

65 2200 109 2257 est
132 2196 219 2255 nobis
241 2213 347 2274 opere,
382 2212 457 2272 qnos
485 2200 539 2255 ent
556 2197 618 2273 jem
639 2197 670 2255 in
696 2197 771 2258 hoec
791 2200 870 2260 vitoe
899 2218 1011 2278 genero

64 2300 194 2381 conjecit
213 2298 313 2371 Deus,
334 2302 387 2359 sut
409 2299 482 2359 olim·
498 2300 650 2379 conjiciet,
677 2304 712 2360 ut
734 2320 823 2378 quem
844 2304 919 2364 hoec
940 2304 1014 2367 dom.

62 2408 143 2481 trinp
164 2405 301 2464 omnibus
324 2409 371 2465 est
391 2404 562 2467 necessarie
583 2408 613 2464 et
633 2404 736 2477 utilis,
771 2411 831 2467 tam
858 2426 930 2468 eom
945 2415 1011 2471 stu·

61 2509 145 2571 diosc
168 2509 330 2569 discamus.
371 2510 405 2568 in
426 2528 506 2569 esre
527 2512 559 2567 et
579 2509 664 2569 nobis
685 2511 758 2589 ipsis
780 2514 812 2571 et
826 2512 1011 2592 reipublicae

58 2634 183 2694 qnoque
194 2613 355 2693 plurimum
368 2615 577 2694 profuerimus.
619 2613 700 2673 Tum
715 2614 779 2676 Deo
801 2635 918 2695 qnoque
938 2636 1010 2698 pro-

55 2720 186 2782 babitur
213 2717 340 2779 officium
361 2708 512 2791 nostrum,
541 2720 606 2795 qui,
639 2718 717 2782 sicut
736 2722 887 2802 promisit,
915 2724 1009 2786 addet

53 2842 252 2895 successum,
286 2829 317 2884 et
337 2843 370 2884 rc
391 2825 596 2904 comprobabit
622 2826 841 2906 heneplacitum
862 2830 918 2888 sibi
940 2848 1008 2891 erse

50 2948 153 3011 snper
182 2932 350 2989 metuentes
371 2918 454 3003 erim,
483 2934 515 2990 et
541 2948 634 3010 snper
662 2950 778 3004 omnes,
811 2932 1009 3014 quisperant

48 3037 82 3097 in
106 3033 316 3097 misericordie
337 3034 412 3114 ejus.
453 3035 557 3096 Amen.
607 3046 611 3057 ·
