2190 4064
414 232 581 321 ·Psabmi
601 180 648 295 bi.
756 290 763 299 ,
959 226 1020 303 ’ω’

51 389 156 452 russis
188 385 338 466 peccatis
370 381 486 456 urunt,
513 386 718 458 humiliantur,
747 392 777 451 et
798 394 960 465 agnoscunt
973 406 1014 449 'se

51 508 109 549 esse
131 491 340 567 peccatores,
363 486 413 544 isti
433 489 531 544 autem
546 489 574 544 in
597 486 728 564 singulas
748 487 835 546 hores
856 506 931 545 nors
952 478 1037 546 cer-¹¹

51 589 162 647 irmina
188 604 266 645 cum
289 584 355 643 Deo
377 586 671 661 instituunt,quibus
692 587 816 663 gratiam
833 587 1014 665 impugnant,

50 692 133 747 etse
158 684 350 745 defendunt.
392 683 451 741 Hic
470 685 497 745 si
518 703 648 762 essemus
670 683 732 754 soli,
752 684 877 743 fortusse
895 672 1015 761 cogere-

50 804 115 845 mur
137 784 262 845 cedere
284 783 380 843 furori
400 783 503 842 mundi
524 788 554 843 et
573 783 802 863 hypocritarum,
823 784 875 843 sed
895 784 944 844 hic
963 770 1027 845 ssu-⁸
1079 798 1082 803 “

52 884 150 945 dimus
175 883 436 953 consolationem,
462 882 557 943 Deum
588 884 619 941 in
640 884 832 969 ‘sermonibus
852 885 914 943 suis
935 885 1027 944 dam·

53 986 133 1056 uari,
156 1000 226 1041 non
246 983 282 1041 in
303 984 414 1042 nostris
435 985 618 1043 sermonibus
640 987 670 1041 et
690 984 837 1062 operibus.
880 984 931 1044 Sic
941 1002 1016 1063 pou-

54 1083 123 1143 tiiex
145 1102 203 1155 me
224 1082 491 1141 excommunicavit
525 1086 556 1141 et
576 1082 732 1152 damnarit,
759 1100 818 1141 nou
848 1082 913 1142 ideo
935 1084 1016 1161 quod
1044 1126 1049 1141 .-

56 1184 109 1243 sim
129 1182 282 1241 infirmus
303 1184 340 1239 et'
354 1185 504 1261 peccator,
526 1200 604 1241 nam.
613 1187 737 1259 peccota
756 1200 822 1240 mea
841 1186 944 1261 posset
957 1183 1016 1243 fer-

58 1302 108 1353 re,¹
123 1272 213 1355 sicut
233 1279 297 1339 sert
318 1298 440 1339 suorum
459 1280 674 1350 fornicationes,
695 1279 842 1339 adulteris
863 1289 895 1340 et
915 1282 1015 1341 nefan-

58 1380 111 1441 ὼ
130 1380 301 1439 libidinum
322 1380 453 1456 species:
473 1379 529 1439 boc
550 1384 648 1439 autem
669 1376 797 1450 damnat,
817 1386 941 1460 propior
961 1382 1017 1443 hnc

59 1500 105 1540 me
132 1486 166 1540 et
191 1479 272 1539 alios
292 1478 401 1537 iratres
423 1462 667 1549 excommunicat,
694 1478 774 1553 quod
795 1478 933 1538 docemus
955 1501 1017 1541 ser-

62 1599 161 1640 mones
186 1578 265 1649 Dei,
289 1578 396 1653 quibus
417 1583 585 1656 arguuntur
598 1582 728 1656 peccata
756 1581 786 1636 et
817 1579 944 1637 caecitas
963 1596 1017 1658 pa·
1079 1628 1088 1658 ,

63 1683 160 1759 petus.
209 1675 276 1735 Sed
308 1696 345 1735 ne
375 1695 436 1753 nos¹
461 1678 520 1754 ipsi
541 1677 659 1753 quidem
685 1675 742 1732 boe
762 1665 932 1753 possemus,
960 1679 1018 1737 nisi

65 1796 203 1839 essemus
245 1777 290 1834 ita
318 1760 412 1835 edocti
448 1776 632 1835 sermonibus
657 1773 721 1841 Dei
772 1774 804 1830 Si
841 1774 933 1852 igitur
969 1795 1019 1837 ec·

65 1895 209 1939 curamur
240 1862 275 1934 'et
303 1874 478 1934 damnamur
509 1879 649 1951 tanquam
675 1873 829 1943 baeretici,
863 1876 887 1933 si
915 1881 1018 1945 nostra

67 1977 206 2037 doctrina
222 1972 379 2051 judicatur
401 1993 467 2034 esse
486 1976 583 2044 noxia,
615 1977 774 2052 propterea
795 1974 875 2049 quod
896 1975 1034 2037 demnat-

67 2076 250 2157 sapientinm
269 2070 441 2145 humanam,
474 2077 503 2132 et
526 2073 637 2144 studia,
660 2090 736 2149 quae
763 2091 816 2132 nos
843 2074 882 2133 ed
895 2074 1018 2153 placan-

69 2175 135 2235 dum
157 2174 470 2251 Deum'suscipimus,
492 2173 561 2232 item
583 2173 608 2230 si
629 2173 765 2230 oriuntur
784 2172 878 2241 mulae
899 2192 1018 2252 pugnae

68 2280 96 2335 et
121 2271 386 2354 perturbationes,
416 2273 557 2332 babemus
586 2272 634 2330 hic
661 2270 900 2349 consolationem,
938 2276 1017 2350 quod

68 2377 130 2455 ipse
152 2374 269 2441 vincet,
288 2374 356 2448 quia
377 2390 436 2431 nou
458 2390 510 2431 nos
525 2366 587 2442 soli,
609 2369 662 2429 sed
682 2371 775 2447 ipsius
796 2388 944 2431 sermones
965 2389 1018 2449 pe-

69 2478 178 2533 tuntur
199 2474 232 2529 et
247 2469 440 2543 damnantur.
481 2472 576 2550 igitur
596 2486 645 2526 eos
667 2467 803 2527 desendet
833 2478 864 2528 et
885 2468 1018 2529 tuebitur

70 2580 177 2634 contra
193 2571 391 2632 adversarios.
414 2570 474 2628 Dat
488 2568 605 2645 quidem
619 2569 745 2638 verbum,
755 2572 791 2627 'ut
801 2567 907 2627 doceat
919 2573 948 2627 et
961 2532 1018 2628 sd-

71 2678 126 2743 ret,
148 2670 208 2731 sed
218 2671 245 2729 si
256 2668 288 2727 id
299 2670 403 2729 nolunt
424 2668 575 2748 accipere,
598 2684 654 2724 uon
677 2665 741 2725 ideo
764 2666 929 2732 conculcari
949 2670 1018 2729 sinit

71 2775 214 2841 verbum,
243 2769 296 2828 sed
328 2768 428 2849 potius
450 2766 604 2845 conculcet
625 2765 725 2825 bostes
746 2767 843 2837 verbi,
872 2768 949 2835 sicut
969 2787 1020 2828 res

73 2876 139 2951 ipsa
162 2868 302 2929 ostendit.

158 2968 245 3027 llaec
257 2967 426 3035 consolatio,
441 2984 534 3041 ‚quum
553 2969 651 3024 textus
665 2982 807 3044 praeseus
826 2965 908 3024 nobis
923 2969 1020 3025 osten·

77 3070 120 3129 dit
142 3071 175 3128 in
198 3067 445 3136 contrudictioue,
475 3083 550 3140 quae
570 3063 603 3123 fit
622 3083 677 3143 per
699 3065 1021 3126 excommunicationem

76 3176 104 3229 et
123 3168 364 3248 persecutionem
385 3163 476 3224 salsae
497 3163 638 3223 eeclesiae
659 3167 689 3221 et
712 3167 911 3239 tyrannorum,
934 3166 1021 3225 etiam

77 3268 114 3327 sd
135 3269 269 3327 animum
289 3270 421 3324 nostrum
443 3268 488 3321 est
508 3263 730 3322 transfereudn.'
744 3262 828 3322 Sicut
842 3266 917 3322 enim
931 3263 1022 3342 paulo

79 3374 149 3425 ante
171 3365 247 3434 dixi,
277 3364 363 3423 etiam
390 3363 421 3420 in
442 3355 529 3423 carne
556 3368 658 3422 nostra
687 3375 786 3420 manet
816 3363 883 3422 talis
906 3369 1023 3422 coutra-

80 3466 170 3525 dietio
208 3481 261 3521 seu
288 3462 324 3521 lis
353 3467 456 3522 contra
475 3461 580 3519 Deum.
603 3465 633 3520 et
663 3480 810 3520 sermones
833 3463 906 3540 ejus.
957 3462 1022 3519 Hoc

45 3594 49 3601 ·
82 3584 150 3625 cunr
176 3562 357 3641 experimur,
385 3579 442 3618 non
480 3561 620 3622 debemus
654 3563 748 3620 animo
777 3562 877 3639 dejici,
906 3562 1023 3617 maneat

83 3667 201 3719 tantum
234 3660 355 3739 spiritus
382 3660 512 3739 integer,
540 3666 570 3719 ei
600 3661 703 3721 credat
731 3680 766 3718 ac
796 3659 969 3722 confiteatur
989 3675 1022 3716 se

116 3774 209 3816 hiberi
224 3770 266 3825 op.
279 3778 360 3825 erepet.
379 3772 423 3814 Vo'.
439 3772 498 3814 ΧΙΧ.
686 3755 691 3766 “
773 3787 791 3845 5

1024 3904 1085 3956 *x
