2204 4058
953 214 1012 277 rsa

50 397 55 409 ι
149 334 456 431 unnsrmssrno
482 367 655 433 saracin
681 366 734 427 se
753 354 928 437 'nonme
1039 404 1045 411 -

268 464 492 540 ’ΒΟΜΙΝΟ
528 465 789 551 GEORGw,

55 586 239 645 nnrncrrr
273 586 313 644 m
344 564 528 654 annalis,
557 581 696 641 eornm
723 566 920 640 isernien
953 582 1017 641 ese:

56 682 323 744 rnanrosrro
373 681 598 742 nccnnsran
642 680 1008 741 naensnnncnnsrs

57 784 218 842 nomino
249 782 322 843 suo
363 776 702 852 ennnnaurssrno
734 780 852 839 viros
878 780 1012 848 rnna

17 896 21 901 ·
71 884 74 891 ·
122 880 259 941 nonus
278 878 594 941 nonrnnncnnsrs
616 868 809 939 sanorum
828 879 951 943 nrcrr.

151 1044 317 1129 Aliquoties
340 1044 598 1123 jamsignificavi,
628 1063 685 1121 quo
705 1044 827 1104 consilio
848 1063 900 1117 aa,
933 1063 1010 1122 quaa

55 1167 79 1206 a
100 1132 272 1205 reverendo
288 1148 376 1223 patre
398 1144 434 1203 Ι).
456 1145 602 1214 Lnthero,
636 1147 831 1222 praeceptore
859 1162 930 1204 meo
958 1163 1009 1205 ca·

57 1246 200 1314 tissime,
230 1245 261 1301 in
289 1244 391 1323 schola
411 1243 529 1322 publice
551 1248 689 1302 enarrata
710 1246 797 1314 sunt,
819 1243 912 1303 oriem.
934 1244 1010 1305 Nam
1079 1296 1081 1303 .

58 1343 213 1403 ecclesiae
224 1343 366 1423 prodesse
376 1342 486 1419 judico,
507 1347 727 1413 exstare-veras
753 1347 783 1401 et
802 1345 939 1422 proprias
959 1362 1010 1405 ex·

57 1442 240 1522 plicationes
271 1445 438 1520 scripturae
469 1439 588 1517 sacrael,
631 1447 749 1501 etcum
778 1461 877 1503 omnes
892 1443 1008 1505 ‘eruditi

58 1544 93 1600 in
112 1541 246 1603 liuthero
268 1539 447 1621 singularem
467 1541 606 1599 orationis
628 1547 692 1599 tum
720 1540 834 1618 copiam
864 1540 1009 1619 tumele-

60 1641 199 1720 gantiam
229 1641 425 1710 admirentur,
457 1657 516 1698 non
547 1639 610 1701 sinc
640 1622 741 1727 fructu
770 1641 882 1718 scripta
903 1640 968 1717 ejus
988 1638 1022 1705 α’

64 1739 235 1819 theologiae
268 1740 413 1799 studiosis
434 1737 583 1818 leguntur.
624 1738 787 1797 Plurimum
813 1757 940 1817 namque
960 1758 1009 1801 rs·

61 1841 140 1909 ieri,
174 1857 233 1915 quo
260 1858 369 1917 genere
389 1839 529 1898 orationis
549 1839 579 1896 in
608 1838 738 1898 docendo
758 1842 891 1924 utamur,
920 1858 1008 1919 praee

63 1940 169 1998 sertim
191 1938 229 1996 ad
249 1938 371 2016 vulgus,
393 1939 472 2015 quod
494 1957 561 1997 cum
584 1943 693 1999 natura
714 1958 767 1998 sua
791 1939 1008 2003 tardiusculum

62 2041 114 2109 sit,
137 2056 225 2116 saepe
246 2039 296 2096 ubi
329 2057 378 2097 res
406 2057 464 2096 non
484 2039 603 2116 proprie
635 2043 665 2097 et
686 2041 802 2118 copiose
823 2042 895 2100 salis
917 2041 1008 2120 expli*

63 2142 152 2198 cetae
179 2141 266 2207 sunt,
294 2134 520 2196 absurdissimas
553 2139 702 2221 opiniones
729 2132 784 2197 sibi
811 2138 904 2219 fingit.
946 2142 1007 2203 Nos

64 2255 137 2296 cum
155 2234 354 2315 Augustinum
375 2236 498 2295 etalios
519 2242 634 2295 veteres
656 2237 794 2315 legimus,
816 2257 905 2316 saepe
928 2240 1008 2300 viee·

64 2355 135 2393 mus
148 2353 206 2406 eos,
232 2337 400 2393 etiamnum
414 2334 565 2395 notissima
577 2334 686 2406 dicunt,
708 2340 806 2395 tamen
816 2338 885 2413 quia
896 2340 1006 2398 incom-

65 2426 374 2510 modius'loqunntur,
396 2453 454 2495 non
475 2436 547 2493 satis
568 2434 706 2512 intelligi,
732 2435 783 2494 seri
808 2437 900 2495 videri
919 2436 1027 2517 longe·

27 2532 34 2537 “
64 2514 162 2593 aliud·
191 2533 304 2605 dicere,
334 2552 421 2609 quam
457 2521 595 2592 sentiunt.
638 2532 704 2593 Hoc
741 2516 921 2614 experietur,
955 2538 1007 2614 qui

64 2634 241 2711 praesertim
268 2634 443 2691 vetustiores
465 2632 530 2690 illos
551 2631 670 2711 legerit,
693 2633 927 2707 Tertullianum,
947 2637 1007 2697 ire·

64 2750 174 2789 uacum
187 2734 215 2789 et
229 2731 352 2790 similes:
374 2750 541 2814 quanquam
561 2732 640 2808 qnod
657 2733 695 2791 ari
709 2734 860 2794 irenaeum
890 2738 1005 2809 attinet,

64 2847 133 2888 eum
154 2830 247 2887 mrrlta
268 2835 395 2908 arguant
427 2849 494 2889 eum
515 2849 621 2909 graece
651 2835 818 2911 scripsisse,
850 2836 1006 2915 interpreti

64 2930 165 3008 potius
186 2948 221 2986 ca
233 2929 321 3007 erripa
336 2929 424 2999 (lebet
436 2932 534 2989 tribui.
557 2931 623 2991 Etsi
639 2935 736 2991 autem
750 2952 803 3012 ego
812 2944 1007 3011 nequaquam

65 3027 101 3086 Ι).
110 3027 236 3086 Luihcri
258 3027 432 3107 elegantiam
452 3031 534 3111 potui
565 3033 739 3109 exprimere,
761 3050 829 3090 nam
848 3052 914 3093 cum
930 3035 1007 3095 haec
1060 3085 1062 3088 .

65 3147 100 3185 ex
121 3126 247 3205 legentis
277 3146 327 3186 ore
348 3129 517 3207 excipienda
540 3122 655 3201 essent,
683 3150 772 3210 saepe
792 3151 897 3192 manus
919 3154 1007 3215 erpe-

64 3227 157 3285 ditam
178 3231 208 3285 e't
229 3231 375 3304 promtam
407 3226 539 3306 linguam
560 3224 730 3308 interpretis
745 3250 802 3289 non
823 3235 920 3310 potuit
937 3253 1007 3294 con·

64 3327 158 3413 sequi,
199 3328 299 3384 tamen
332 3328 402 3401 quia
444 3329 655 3387 sententiarum
692 3330 766 3393 ordo
801 3330 863 3390 iere
895 3334 1006 3409 ubique

63 3423 191 3483 fideliter
212 3443 229 3482 a
250 3428 364 3484 me-est
385 3430 557 3495 annotatus,
578 3429 695 3488 omnino
715 3428 828 3489 conlido
849 3432 925 3490 hanc
945 3433 1006 3491 icc·

62 3524 172 3582 tionem
206 3524 376 3602 theologiae·
399 3519 539 3585 studiosis
572 3527 659 3586 etiam
691 3527 779 3587 adid
810 3510 1004 3608 profuturam,
