2190 4064
81 160 123 281 dt)
178 237 203 256 ··
297 285 300 289 ,
385 177 623 275 'Ederrutio
702 190 706 197 ¹

82 390 147 433 rem
166 365 230 429 Deo
250 366 359 450 melum
381 368 435 439 sit,
467 367 612 455 quidquid
633 372 680 429 est
699 372 850 440 nostrum,
872 374 904 429 ot
925 371 1048 432 condo.

83 474 172 531 netur
194 469 326 549 gratuita
359 467 573 530 condonatione
613 468 842 529 miserationum.
884 469 918 527 ln
954 470 1035 530 huuc
1083 472 1085 477 '

84 572 181 632 sinum
215 587 294 648 opus·
312 570 358 626 est
394 573 428 628 ut
445 571 514 627 'nos
545 570 576 627 et
597 556 702 638 omnes,
719 569 896 645 seuctinos
909 570 1037 647 recipie·

87 688 169 736 mus,
189 671 242 727 eut
263 685 384 726 necesse
411 673 465 727 ert
484 687 538 727 uos
560 666 720 726 damnari·
744 667 813 726 ideo
833 654 1037 727 autem-misit
1054 690 1058 697 ·

67 792 75 801 ··
84 768 169 835 Deus
192 765 284 825 filium
306 785 404 837 suum,
438 771 473 826 ut
493 767 546 826 hos
567 758 771 826 miseretiones
791 766 902 826 mundo
921 766 1038 826 revole-
1073 748 1085 839 ’ἶ

86 872 152 940 ret,
174 871 205 926 et
224 867 311 925 istam
332 866 512 937 doctrinam,
535 885 623 943 quam
646 868 776 925 humone
797 866 890 926 corde
907 872 940 927 ct
958 868 1036 929 ratio
1060 854 1085 909 ·⁵⁵

87 959 197 1038 nescit,
230 964 405 1044 invulgaret,
438 984 473 1024 oc
500 965 598 1025 David
626 980 690 1025 cam
710 967 759 1026 hic
781 967 1037 1047 nobis'proponit,
1055 948 1085 1045 ⁵¹2!

88 1068 159 1127 dum
180 1065 337 1128 confitetur
364 1070 503 1144 peccate,
525 1056 673 1125 ettamen
693 1065 926 1125 misericordiam
948 1066 1038 1127 conii·
1072 1074 1076 1085 '

83 1152 170 1227 ‘tetur
196 1185 261 1226 esse
284 1165 463 1242 meJorem.¹
530 1168 534 1174 '

107 1265 255 1344 Ergo
286 1283 386 1323 omnes
416 1264 548 1324 homines
576 1266 656 1324 hunc
684 1282 802 1325 versum
830 1268 940 1325 cuntot
970 1240 1082 1325 curu

47 1440 50 1445 J
90 1366 213 1436 Davide,
235 1369 266 1424 et
286 1369 449 1443 agnoscant
470 1385 502 1424 se
524 1385 589 1424 esse
611 1371 797 1456 peccatores,
817 1364 916 1424 Deum
939 1369 1084 1425 cutem·-

92 1485 159 1526 eese
179 1465 303 1563 justum,
325 1465 424 1524 idt
378 1469 432 1536 est,
443 1466 682 1525 misericordem.
719 1464 804 1524 Haec
825 1466 971 1525 confessio
993 1470 1085 1528 cet

52 1556 56 1569 ⁸
92 1542 269 1629 sucrificium
290 1568 445 1645 acceptum
466 1569 496 1625 et
516 1570 635 1645 gratum
654 1563 727 1635 Deo,
749 1563 788 1623 od
809 1564 897 1640 quod
910 1584 965 1626 nos
980 1565 1041 1625 De·

91 1666 142 1726 vid
162 1666 276 1726 invitat.
318 1664 390 1724 Vult
411 1666 488 1724 euim
508 1665 586 1725 hanc
606 1685 672 1725 esse
693 1682 877 1724 communem
891 1664 1042 1724 totiusor-

1055 1222 1073 1261 i

92 1768 139 1826 bis
160 1766 333 1836 doctrinam,
356 1768 398 1835 ut,
420 1783 488 1824 cum
509 1765 643 1825 diabolus
663 1764 711 1824 vel
724 1765 906 1824 conscientie
925 1782 980 1823 nos
993 1782 1043 1824 uc·

59 1860 62 1865 ’
93 1870 181 1926 cusat
200 1868 325 1944 propter
339 1837 473 1942 peccate,
494 1884 548 1924 nos
561 1866 681 1942 quidem
692 1865 786 1923 libere
797 1869 957 1943 peccatum
973 1883 1058 1957 con·-

44 2022 46 2027 ,
93 1965 239 2035 dicamur,
261 1964 341 2040 quod
362 1965 505 2022 simus'iu
519 1960 624 2024 'multis
646 1969 676 2023 et
696 1965 811 2044 mugnis
824 1965 966 2043 peccetis,
989 1963 1044 2025 sed

94 2082 153 2125 non
173 2063 240 2123 ideo
262 2062 468 2141 desperemus,
491 2064 578 2138 quie,
600 2065 656 2123 etei
675 2069 801 2143 peccato
823 2068 928 2124 nostre
949 2064 1070 2125 multo·

65 2168 71 2185 '
95 2167 127 2224 'et
146 2181 254 2242 magno
275 2166 353 2234 sunt,
375 2167 475 2222 temen
495 2163 543 2222 hic
565 2161 713 2235 docemur,
733 2164 1064 2235 misericordiem'liei·

96 2264 186 2324 etiem
205 2261 329 2321 multem
352 2266 382 2322 et
402 2249 635 2342 magnum-esse
667 2262 736 2329 Hoc
756 2266 871 2324 ratione
891 2282 924 2324 oe
945 2264 1047 2341 defen·
1063 2272 1078 2353 ἰ

100 2343 211 2424 derudt
231 2360 485 2423 controSetonem
505 2381 606 2423 omues
628 2365 731 2435 sancti,
752 2368 794 2436 ut,
816 2380 988 2441 quenquam
1002 2384 1061 2437 ee,

97 2468 165 2525 seut
185 2466 368 2542 peccatores,
388 2467 489 2522 temen
508 2464 565 2525 hec
586 2464 751 2543 cognitione
771 2467 842 2523 suut
862 2463 1052 2548 sanctitati,

98 2563 263 2624 secundum
283 2563 369 2622 Eoo:
410 2563 539 2634 „Notitie
561 2563 672 2622 Christi
690 2562 867 2641 justificabit
886 2563 1028 2625 multoe.“
1057 2564 1067 2591 ’·

181 2663 241 2749 Nos
251 2680 320 2722 cum
329 2661 421 2721 semel
435 2663 510 2722 haec
523 2661 697 2734 audivimus,
710 2665 851 2741 putemus
861 2663 961 2723 facilia
971 2666 1049 2735 esse,

100 2767 130 2823 et
151 2761 252 2822 stetim
274 2756 362 2831 disci,
397 2757 451 2822 sed
470 2761 604 2840 proiecto
625 2761 683 2821 hoc
703 2780 794 2840 opus,
814 2762 864 2823 hic
885 2762 973 2823 labor
994 2767 1052 2835 eet,'

99 2868 134 2923 ut
162 2862 261 2939 aliquo
289 2863 375 2922 modo
402 2863 484 2929 haec,
502 2866 656 2921 teneamus
676 2862 708 2920 in
728 2863 901 2923 tentatione.
944 2862 1050 2940 Neque

99 2963 176 3022 enim
198 2948 237 3022 de
257 2961 327 3021 lane
348 2954 471 3041 cuprina
491 2960 528 3019 lis
542 2965 596 3031 est,
617 2963 716 3040 egitur
729 2962 1052 3041 periculumeeterure
1074 2946 1077 2953 ¹

99 3061 218 3131 mortis,
249 3065 279 3121 et
309 3061 482 3120 dimicamus
503 3059 541 3118 de
562 3058 669 3120 salute·
682 3064 847 3121 animorum
867 3060 1055 3122 nostrarum?
1079 3044 1084 3049 ⁵

100 3160 216 3221 Deinde
238 3163 405 3240 experimur
424 3179 483 3220 non
495 3159 589 3220 solum
602 3144 813 3221 conscientium
828 3156 1074 3249 reclamantem„¹

87 3260 157 3321 'sed
178 3260 267 3318 etiem
276 3260 418 3318 Sotenam
429 3260 623 3339 inspirantem
636 3262 828 3340 cogitationes
839 3264 943 3322 mortis
959 3281 1052 3343 prop-

102 3365 150 3420 ter
170 3362 302 3438 peccate,
325 3377 449 3435 quorum
470 3361 555 3442 nobis
577 3378 680 3419 sumus
701 3362 820 3420 conscii.
847 3362 930 3441 Ergo
949 3362 1051 3423 dicere
1081 3424 1085 3429 ,

78 3475 82 3481 ·
103 3479 136 3520 se
156 3461 343 3539 peccatorem
364 3479 447 3532 esee,
478 3467 508 3520 et
535 3463 634 3519 temen
656 3479 714 3528 nou
736 3460 911 3538 desperare,
933 3464 1051 3524 omniuo

103 3559 204 3619 divine
223 3559 319 3619 virtus
340 3566 393 3621 est.
423 3558 472 3619 Ad
495 3578 558 3620 eom
580 3565 678 3619 autem
699 3579 757 3619 non
785 3562 975 3639 pervenimus
996 3564 1053 3625 hoc

104 3659 200 3733 modo,
221 3662 255 3732 si,
277 3661 524 3738 quemadmodum
536 3660 697 3720 adversarii
715 3661 819 3731 nostri,
834 3666 1052 3740 peccatumcx·
1083 3662 1085 3667 ’

348 3872 428 3985 su
