2190 4064
29 134 35 149 ··
67 118 131 183 100
395 164 400 173 .
432 91 647 199 Ensrrptio
675 94 722 153 ‘¹'-

40 285 45 297 ·
66 268 261 353 pertinacium
281 268 357 331 sitite
376 273 424 333 ost
443 271 536 342 scire,
568 290 607 330 ns
627 268 834 353 prolabamur
851 270 884 329 in
909 254 1008 331 nnnc

67 362 172 436 totuin.
211 376 316 455 Neque
334 378 413 436 onim
426 364 527 437 'semol
548 376 655 435 vicisse
674 375 752 435 ontis
772 379 833 446 est,
855 375 1007 457 seipoprr

68 498 210 562 pugnam,
231 483 355 541 victorin
372 480 528 542 victoriam
548 480 694 555 sequitur.

150 587 239 646 Sicut
267 594 367 647 nutem
379 652 383 659 ,
396 587 475 647 hunc
494 586 592 646 hostis·
615 586 782 664 improbem
811 574 1018 647 aminonen-

68 691 100 751 in
120 691 264 751 ecciesiae
287 692 412 752 historin
431 692 590 767 cernimus,
611 691 654 749 ito
674 690 850 767 experimur
873 710 938 752 enm
955 694 1009 771 pri·

68 799 159 857 ratim
191 815 320 873 quoque.
362 797 465 862 (tuere
497 796 524 856 si
551 793 640 853 hodie
669 794 806 854 oratione
835 797 948 881 ricini,
976 816 1009 857 nr

69 902 112 962 sis
130 919 269 974 securus,
304 919 372 961 eros
400 902 478 960 enim
503 898 614 959 redibit
640 897 748 958 fortior
774 905 806 959 et
835 901 1008 971 instructior,

69 1007 163 1085 igitur
182 1005 221 1065 nd
242 1005 330 1065 aliern
350 1022 482 1085 pugnem
501 1008 534 1064 tc
553 1021 702 1082 compito.
756 1004 804 1064 its
826 1024 921 1086 steps
939 1008 1009 1066 soet·

70 1110 129 1182 (iit,
154 1115 190 1170 ut
211 1112 364 1188 cogitatio,
390 1128 479 1186 quum
498 1108 587 1169 hodio
604 1106 693 1167 iscilc
712 1110 875 1188 potuimus
888 1115 1007 1195 ,vincern

69 1232 138 1278 crus
158 1216 274 1286 vincat,
306 1220 338 1274 et
357 1233 411 1274 nos
432 1218 557 1272 evortot.
599 1212 702 1277 Quare
721 1213 907 1276 christianus
928 1219 1009 1279 debet

69 1320 194 1404 portius
215 1337 356 1379 essenon
372 1319 467 1378 solnm
481 1320 602 1390 viribus,
616 1316 768 1378 sedetiam
781 1326 1008 1399 perseverum

68 1428 173 1505 Neque
199 1425 277 1486 enim
297 1422 445 1483 in'studio
471 1424 581 1494 currit,
612 1422 700 1499 cujus
728 1423 878 1487 terminus
909 1429 1008 1506 uliquis

69 1536 119 1607 sit,
139 1533 193 1595 sori
214 1529 358 1591 circulum
374 1529 465 1588 hebet
484 1531 679 1608 propositum,
699 1529 752 1586 uiri
774 1548 896 1609 semper
916 1552 1009 1593 recur-

70 1641 148 1697 ritur
179 1636 219 1697 nd
251 1634 376 1693 initium.
417 1633 486 1692 ideo
508 1632 647 1692 Christus
674 1633 763 1693 dicit:
804 1624 887 1708 „Qui
915 1655 1010 1717 perse-

69 1743 218 1802 veraverit
238 1741 267 1799 in
288 1739 377 1798 tinem
397 1740 504 1813 usque]
522 1738 571 1797 hic
591 1738 691 1797 sulvus
713 1740 799 1798 erit.“
845 1742 909 1801 Non
925 1746 1010 1823 igitur

70 1847 213 1906 debemus
233 1844 330 1924 frangi
351 1845 554 1922 improbitate,
577 1849 629 1903 ent
648 1845 725 1905 vinci
746 1845 863 1921 toedio,
885 1849 941 1908 sed
960 1868 1010 1928 pn·

71 1948 222 2029 pnsndum
236 1952 354 2007 estnon
370 1947 465 2006 solum
479 1953 583 2007 contro
595 1951 651 2008 vim
673 1953 704 2008 ot
725 1948 836 2024 siolum,
859 1954 1009 2015 sedetiam

70 2051 335 2121 contristantium,
359 2055 394 2110 ut
415 2054 576 2112 excitemus
597 2066 650 2112 nos
671 2054 728 2115 hoc
747 2055 816 2128 fido,
840 2060 921 2134 quod
939 2062 1010 2119 sieut

70 2162 165 2220 Sotnn
192 2176 250 2217 non
277 2157 386 2216 dorurit
413 2176 468 2217 nec
496 2137 637 2235 quiescit,
670 2163 714 2222 sio
740 2180 800 2222 non
829 2160 1010 2225 dormituro

71 2265 198 2342 quiescit
218 2261 353 2322 deminuo
375 2266 406 2322 ot
423 2261 507 2322 Deus
526 2271 638 2324 nostor.

152 2366 200 2429 Ad
221 2369 302 2428 hunc
322 2368 440 2427 modum
468 2372 609 2447 proponit
634 2372 718 2433 uobis
739 2373 907 2453 exemplum
930 2394 1012 2436 suun

70 2456 181 2547 Iisoioi,¹
194 2480 230 2535 nt
250 2476 354 2534 muniti
376 2478 480 2534 contro
503 2476 689 2548 tentationes,
711 2496 788 2553 quse
812 2481 1012 2540 remissionem

70 2588 263 2661 pcccatorum
294 2586 476 2654 sequuntur,
510 2597 569 2638 non
592 2562 736 2642 =cedemus
757 2582 900 2643 stiones„
950 2582 1012 2643 Etsi

70 2688 148 2746 onim
172 2684 370 2744 certissimum
402 2687 449 2743 ost
469 2687 712 2763 propitiationem
732 2706 799 2747 esso
820 2686 904 2767 npu'd
925 2687 1013 2747 dorni·

71 2809 159 2862 num,
192 2792 318 2868 peccato
339 2804 406 2847 esso
440 2791 582 2862 remisse,
619 2809 673 2851 nos
703 2793 870 2870 baptizatos
892 2811 961 2852 osse
985 2796 1013 2849 iu

69 2905 195 2956 mortem
217 2892 346 2962 Christi,
388 2896 420 2952 ot
453 2898 573 2955 rocetos
602 2898 692 2956 verbo
720 2896 759 2956 ed
781 2898 1013 2957 communionem

70 3004 257 3070 sanctorm,
289 3002 322 3057 et
349 3014 417 3057 cum
443 2997 567 3074 reliquis
588 3000 700 3062 christi
727 3001 869 3062 membris
892 3018 1016 3081 corporo

71 3111 102 3166 ot
122 3105 267 3183 sangnine
289 3103 401 3162 Christi
422 3103 563 3175 reiectos,
583 3104 658 3166 hoec
680 3107 785 3177 omnis,
806 3107 938 3183 inquom,
960 3106 1014 3167 otri

70 3216 141 3270 sunt
163 3198 344 3278 coitissimo,
368 3214 468 3267 temon
490 3208 562 3267 ortis
583 3211 708 3287 periculi
729 3217 791 3280 est,
814 3230 852 3269 no
874 3213 913 3270 nb
935 3216 1016 3271 notu·

69 3324 101 3379 to
121 3317 208 3398 hoste¹
229 3312 428 3392 decipiemur,
450 3312 557 3389 q'ui'ex
578 3317 654 3372 omni
675 3320 762 3393 porte
784 3314 944 3375 insidiatur
966 3333 1016 3373 no·

59 3423 126 3483 ‚bin
185 3418 349 3485 Adextris
384 3418 516 3477 imminet
544 3434 599 3494 per
628 3418 800 3496 hypocrisin
839 3424 870 3480 et
904 3421 1014 3481 recorri-

56 3502 182 3600 tntrm,
203 3546 221 3586 s
240 3524 367 3593 sinistris
389 3541 443 3601 per
464 3524 604 3596 tyrannos
624 3527 655 3580 et
675 3522 926 3604 desperationem.
967 3522 1013 3583 rr

70 3633 144 3695 hoec
173 3632 291 3694 secedit
317 3630 483 3709 improbum
516 3625 663 3699 studium,
698 3634 733 3688 nt
769 3647 919 3708 nusquam
938 3630 1015 3691 absit

560 3938 685 3980 ⁴-
