2190 4064
385 194 642 305 Ῠιιιιιιιιι.
742 214 745 223 ’
806 270 810 280 ·
888 208 891 213 ’
964 241 1007 303 as

51 404 125 486 puli,
151 400 249 480 quod
269 400 378 459 ιὶιιιιιιιι
398 416 434 459 ex
453 394 605 491 cpillsione
625 399 678 457 aut
699 393 757 455 aba
777 395 931 461 messione
951 393 1007 455 du-

51 509 88 577 it,
114 502 229 563 nescit
252 519 288 561 se
298 499 419 569 babere
439 499 559 568 rimam,
584 494 695 583 figulus
717 498 816 555 autem
837 498 894 557 scit
914 503 945 558 et
965 498 1007 557 si·

51 609 109 676 et,
123 602 173 662 ad
196 618 273 660 eum
294 597 416 659 modum
440 613 634 688 uusquequo
663 600 767 656 nostra
786 574 858 657 vitia
877 614 936 657 non
957 615 1009 658 na-
1084 658 1090 681 ¹

51 708 133 765 imus
159 701 269 783 plene.
295 698 418 764 :tiuare
438 682 631 772 conliteamur
651 700 784 757 nostram
799 697 1008 769 infirmitatem,

50 809 65 865 t
86 803 239 865 dicamus
263 817 333 860 cnm
352 799 543 883 ,coemendas
578 797 610 857 θ
630 796 760 868 domim,
781 793 848 858 sum
879 816 933 878 ego
963 797 1009 859 lu·

50 922 101 965 nm
123 909 231 972 mum,
254 904 293 961 tu
312 902 412 959 autem
442 898 585 979 formator
615 900 647 957 et
664 897 887 983 figulusmens.
930 899 1011 965 (luia
1078 925 1081 931 ⁷

50 1008 136 1086 gitur
158 999 347 1083 pronuntias
366 990 416 1057 ¹me
436 1017 503 1058 esse
522 1002 726 1079 peecatorem,
747 1001 894 1059 asuntior
916 1002 1007 1061 verbo

49 1115 115 1191 tun,
125 1109 164 1165 et
185 1103 290 1163 libens
311 1098 438 1179 agnosco
460 1103 491 1159 et
512 1097 655 1169 eonfibor
674 1099 752 1159 benc
768 1101 952 1179 impietatem
964 1101 1009 1161 la·

49 1210 160 1267 butem
185 1204 229 1261 in
242 1218 335 1263 mmo
354 1218 421 1259 mea
443 1202 473 1258 et
492 1203 557 1258 tota
577 1203 701 1270 natura,
732 1203 767 1260 ut
793 1203 829 1260 tu
863 1201 1009 1288 glorifice·

49 1307 94 1377 ria,
107 1323 171 1384 ego
184 1305 290 1361 autem
315 1300 489 1373 confundar,
511 1303 548 1359 nt
567 1304 604 1362 tn
623 1301 678 1361 sis
682 1301 782 1378 justus
808 1302 877 1373 vita,
900 1306 931 1361 et
953 1290 1037 1382 ego'

48 1409 150 1467 ntem
192 1420 267 1463 cum
303 1401 438 1460 omnibus
480 1399 546 1458 aliis
583 1400 750 1461 bominibus
787 1405 946 1480 peecatum
977 1407 1010 1462 et

48 1525 145 1579 nors,
167 1509 207 1563 ut
229 1505 266 1561 tu
286 1503 329 1560 sis
350 1516 496 1560 summum
515 1503 641 1580 bonum,
664 1519 719 1580 ego
740 1504 840 1570 autem
861 1520 928 1561 cum
950 1521 1010 1562 om·

49 1608 135 1667 abus
170 1602 345 1683 bominibus
377 1607 539 1659 extremum
569 1600 688 1660 malum.
731 1600 798 1661 Hoc
830 1620 958 1680 agnosco
978 1606 1011 1662 et

50 1706 216 1776 confiteor,
250 1701 375 1761 edoctus
402 1702 445 1760 sic
465 1718 522 1778 pcr
541 1701 752 1779 promissiones
774 1703 842 1759 tuas
864 1706 894 1760 et
913 1702 1012 1781 legem

50 1814 143 1880 unm,
164 1823 230 1865 non
251 1802 473 1882 portationem
493 1818 598 1873 meam,
620 1817 697 1876 quae
716 1800 846 1861 libenter
865 1801 943 1862 banc
957 1804 1012 1862 im·

50 1909 199 1989 pietatem
220 1906 353 1981 tegeret,
382 1904 435 1960 aut
466 1904 587 1959 ornaret
614 1901 712 1959 etiam.
756 1900 817 1960 Sed
849 1901 919 1980 plus
939 1903 1010 1961 milri

51 2010 81 2069 ia
99 2026 137 2068 eo
162 2009 213 2066 est
247 2002 391 2082 positum,
420 2004 460 2060 ut
475 2004 528 2061 tua
556 2000 651 2080 gloria
671 2004 796 2062 crescat
828 2002 881 2062 Et
900 2003 952 2079 qni
971 2003 1011 2063 ad

50 2108 129 2169 bunc
151 2104 280 2165 modum
298 2101 456 2162 confitetur
475 2090 640 2180 peceatum,
662 2101 687 2161 is
701 2101 782 2161 hunc
802 2121 921 2163 versum
943 2122 1011 2164 cnm

53 2225 123 2269 anno
146 2203 310 2264 intellectu
330 2208 412 2262 oret:
448 2202 542 2274 „Tibi
563 2203 619 2261 soli
638 2201 769 2280 peccavi,
790 2207 820 2261 et
836 2203 946 2277 malum
963 2183 1025 2264 cn·¹

53 2326 116 2367 ram
137 2309 173 2365 te
194 2303 262 2374 leci,
284 2308 320 2363 nt
336 2301 539 2380 justificeris
526 2321 561 2369 nn
583 2303 768 2371 sermonibus
790 2304 878 2364 tuis.“
924 2362 926 2367 .

137 2404 201 2477 „Et
224 2404 334 2474 vineas,
357 2421 424 2481 cum
442 2401 617 2483 judicaris.“
658 2402 746 2462 Hanc
759 2403 938 2481 particulam
959 2403 1011 2463 ad·

54 2507 131 2569 unit
155 2485 243 2564 nobis
266 2502 306 2565 ad
327 2501 566 2562 consolationem.
607 2502 682 2560 Nam
701 2503 777 2566 illud
801 2503 946 2582 judicium
968 2504 1013 2563 di·

54 2609 173 2677 ιὴιιιιιι,
206 2622 266 2680 qno
288 2620 387 2662 omnes
408 2603 636 2682 pronuntiamur
661 2607 849 2681 peccatores,
878 2608 909 2663 et
929 2603 1013 2664 Deus

55 2707 139 2767 solus
160 2706 282 2783 justus,
302 2694 417 2782 patitur
438 2704 609 2791 instantiam
629 2708 660 2762 et
679 2703 885 2777 rebellionem,
913 2709 948 2764 ut
969 2706 1013 2765 sic

56 2807 174 2877 dicam,
199 2823 220 2863 a
238 2803 352 2881 majore
378 2807 466 2882 parte
494 2802 586 2863 totius
613 2803 731 2874 mundi,
761 2806 839 2865 sicut
861 2822 954 2884 supra
974 2803 1015 2865 de

57 2906 181 2977 Turca,
204 2903 344 2975 ludaeis,
365 2905 454 2962 etiam
476 2888 603 2983 papistis
624 2904 815 2976 ostendimus,
838 2908 909 2982 quin
933 2906 1013 2964 intra

57 3026 111 3067 aas
134 3007 220 3085 ipsos
242 3022 360 3081 quoquc
379 3005 547 3083 pugnamus
580 3008 686 3064 contra
705 3004 762 3064 bec
778 3004 925 3082 judicium
947 3005 1014 3078 Dei,

58 3106 142 3184 quod
163 3107 196 3163 in
218 3090 401 3164 sermonibus
424 3106 500 3176 suis,
522 3106 657 3176 honest,
679 3108 741 3163 tam
767 3122 824 3183 per
844 3107 1015 3183 promissio·

57 3226 113 3267 nes
136 3222 230 3282 qnam
250 3203 359 3282 legem,
388 3222 441 3262 nos
471 3205 588 3283 peccati
620 3205 727 3284 unguib
769 3205 843 3265 Nam
872 3207 961 3264 etiam
982 3206 1015 3263 in

59 3308 175 3367 metis
208 3308 310 3363 manet
330 3323 435 3364 sensus
463 3304 553 3383 hujus
574 3305 791 3383 blasphemiae,
822 3304 901 3382 quod
922 3319 1026 3387 saepe,

54 3401 184 3485 'indigne
206 3404 323 3474 lerunt,
352 3406 447 3464 omnia
469 3423 524 3463 sua
552 3404 677 3482 culpari.
716 3404 832 3481 Deinde
855 3407 944 3465 etiam
964 3404 1013 3474 bic

62 3524 170 3567 ansus
191 3505 223 3563 in
246 3504 357 3563 sanctis
379 3506 438 3574 est,
471 3504 552 3587 quod
573 3509 637 3564 tum
658 3504 777 3564 demum
799 3506 854 3564 sibi
874 3506 1013 3562 videntur

63 3604 237 3684 diligentius
260 3605 379 3673 oraturi,
401 3604 544 3664 credituri
556 3604 682 3684 plenius,
704 3608 735 3663 et
747 3601 1012 3669 laudaturilleum,

63 3704 88 3763 si
109 3704 249 3765 siderent
270 3718 306 3759 se
324 3704 407 3782 puris
427 3706 564 3765 manibus
583 3710 614 3764 et
634 3705 772 3767 sensibus
799 3720 885 3775 csse,
913 3704 947 3762 et
964 3716 1017 3761 ea·
