2190 4064
130 132 135 139 ’
217 87 261 97 Ἀ
373 97 708 225 ῬιιῑιιηὶΟΧΧΧζ
815 76 821 99 Ι
910 118 1023 199 Ἴος

65 280 189 360 potest·
204 279 330 340 vincere.
352 285 444 344 recta.
463 285 525 357 via,
556 268 666 363 etant
685 282 876 345 discedamus
891 303 915 346 a
932 284 1037 347 serbo*

62 383 176 459 ,vocati
189 383 230 443 ad
250 389 369 447 nostras
390 390 592 467 cogitationes,
615 392 695 452 sicut
713 382 881 465 baeretici‚'
902 393 957 449 aut
974 399 1025 450 re'·

69 488 205 547 tinentes
225 491 348 550 verbnm
368 486 521 553 venemur
540 494 580 553 ad
600 494 814 566 idolotatiiam,
836 496 916 555 sicut
936 496 1023 576 papi-

69 596 164 662 stac.
185 599 259 655 tnnc
277 590 334 655 boc
354 583 431 675 agro-4
458 602 493 657 ut
513 597 665 677 fatigando
686 616 741 658 nos
760 598 870 661 vincat.
918 599 1022 664 auare

38 764 45 785 <
69 709 135 789 non
163 698 257 758 solum
279 712 384 780 magno
404 704 500 762 animo
521 721 596 781 opus
618 706 664 763 est
685 703 725 763 ad
744 691 937 774 vincendum,
966 704 1046 790 sed·

67 802 163 859 etiam
195 805 386 878 assiduitate,
423 827 461 866 ne
491 809 622 867 sinamus
652 826 707 867 nos
737 807 803 884 ejus
833 810 1024 887 improbitate
1060 856 1064 869 .

67 901 230 985 siccin).
278 910 352 970 Nam
370 911 427 972 boc
447 912 579 972 videmus
600 930 704 991 saepe,
737 912 816 989 quod
846 912 1026 974 assiduitate
1055 962 1057 967 Α

68 1010 253 1086 vincuntur,
285 1032 358 1091 quos
385 1015 468 1075 nuile
496 1016 697 1096 peticulorum
723 1017 896 1097 magnitudo
921 1020 1022 1096 potuit

68 1117 209 1190 vincere,
244 1123 275 1178 et
296 1121 327 1178 iu
349 1139 381 1180 re
403 1121 510 1180 bellica
534 1123 607 1181 nibil
627 1140 722 1198 aeque
742 1119 899 1192 laudatur,
930 1140 1021 1199 quana

68 1239 184 1299 urgere
213 1224 338 1284 bostem.
387 1226 438 1283 Sic
458 1224 577 1297 Turne,
599 1227 656 1289 etsi
677 1226 805 1311 saepius·
818 1242 940 1303 magnas
959 1226 1021 1285 cta·

70 1325 129 1385 des
151 1331 315 1407 acceperit,
347 1333 447 1388 tamen
469 1328 538 1405 quia
564 1332 759 1410 pertinaciter
783 1336 889 1409 urget,
919 1331 1021 1415 vincit,

68 1429 162 1491 Hanc
189 1433 394 1493 assiduitatem
414 1431 512 1492 David
540 1434 690 1512 significet·
713 1434 924 1514 praestandam
953 1432 1029 1521 essu¹

68 1536 119 1607 iis,
138 1538 193 1611 qui
214 1537 317 1596 volunt
341 1537 507 1597 doctrinam
526 1537 747 1614 justificationis
769 1541 800 1597 et
818 1529 914 1615 ipsam
930 1538 1021 1616 justi-

68 1641 146 1700 tiam
166 1643 310 1714 retinere,
340 1646 370 1700 et
390 1642 531 1721 proponit
549 1642 599 1701 bic
618 1641 908 1720 enumerenpfum,
938 1643 1020 1720 quod

69 1747 153 1819 sicut
173 1748 267 1807 bostis
288 1765 346 1806 non
368 1745 487 1829 desinat
509 1746 661 1824 impetere,
682 1747 725 1807 ita
746 1748 812 1826 ipse
825 1765 943 1824 quoqne
958 1767 1019 1808 non

37 1892 40 1897 -
68 1850 191 1913 desinet
203 1846 391 1932 exspectare,
422 1855 453 1910 et
473 1844 682 1910 eddoininum
703 1852 868 1929 respicere,
894 1856 940 1914 ut
954 1853 1019 1937 non

68 1957 170 2019 solum
199 1957 298 2016 rabdo
325 1969 357 2016 et
384 1955 469 2028 forti,
505 1955 558 2015 sod
580 1956 669 2015 etiam
690 1955 812 2017 assidua
830 1955 890 2016 fide
909 1952 1018 2040 vinciet.

61 2066 104 2122 -et
125 2061 341 2140 indefatigabili
362 2080 479 2140 spe.
808 2073 810 2079 '

154 2166 306 2227 Discenda
326 2168 418 2246 igitur
430 2169 506 2226 ratio
526 2164 680 2246 pugnandi
698 2167 745 2226 est
759 2183 802 2225 ex
814 2165 909 2225 nostri
922 2111 1018 2225 bostis
1048 2242 1049 2247 η

69 2271 272 2341 consilicis
287 2290 437 2347 nunquam
450 2272 593 2349 fatigatur
606 2270 705 2328 studio
720 2268 907 2347 impetendue
922 2269 1019 2329 eccle-

69 2348 213 2452 stee'ss).
247 2376 299 2434 Sic
315 2377 397 2435 initio
411 2372 520 2435 statim
532 2374 664 2433 haeresis
684 2373 827 2453 haeresin,
846 2374 1016 2451 persecutio

65 2485 308 2566 persecutionem
336 2481 510 2560 excipiebat.
552 2479 643 2539 Nobis
664 2478 929 2564 quoqueprimum
949 2461 1020 2539 cum

66 2589 210 2651 monstris
232 2605 331 2667 papae
356 2603 459 2664 pugna
485 2584 556 2654 fuit,
585 2584 621 2642 iis
649 2575 794 2671 repressis
822 2584 1019 2643 surrexerunt

66 2692 279 2776 profanatores
311 2690 503 2759 sacramenti,
542 2693 648 2766 postca
679 2685 887 2763 anabaptistae
919 2685 1016 2744 secuti

67 2803 150 2859 suut.
179 2795 220 2855 Hi
242 2791 361 2855 errores
380 2811 461 2853 nuuc
480 2790 538 2851 non
558 2792 687 2870 primum
707 2782 771 2849 nati
781 2787 951 2858 uunt,-sed
971 2788 1031 2847 in-‘
1058 2810 1061 2819 ¹

66 2902 253 2981 defatigatus
264 2902 359 2960 bostis
376 2903 406 2957 et
416 2896 544 2957 consiliis
559 2874 941 2954 nocendiiustructissimus
950 2892 1016 2968 jaus
1057 2916 1060 2921 ⁴

65 3008 139 3068 olim
167 3008 267 3085 sopita
287 2996 373 3064 'mala
398 3003 496 3063 denuo
523 3001 644 3069 excitu,
673 3016 711 3056 ne
739 2994 818 3072 quod
844 2997 1014 3074 respirandi

64 3118 189 3191 tempus
211 3111 324 3170 afflicta
344 3106 472 3168 ecclesia
490 3105 608 3163 babeat.
649 3102 788 3162 Videmus
810 3100 902 3172 enim,
924 3114 1015 3176 quam

62 3208 214 3297 incipiant
236 3215 333 3275 omnia
353 3211 444 3290 plena
464 3227 530 3291 esse
543 3205 729 3286 Epicuracis,
749 3223 805 3265 nec
824 3207 914 3284 pauni
934 3210 1014 3276 sunt,

64 3322 120 3404 qui
151 3321 266 3382 semina
286 3316 416 3387 hienae
444 3313 576 3374 haeresia
609 3311 759 3370 revocant
812 3305 900 3368 lianc
918 3307 1031 3369 bootis·

63 3471 280 3492 μ

135 3552 189 3622 fd)
223 3550 286 3604 Nou
323 3547 427 3600 debere
464 3539 578 3610 fatigari
614 3536 665 3591 nos
701 3534 868 3595 assiduitate
905 3492 1009 3595 boetis:

62 3646 226 3723 “ismae
244 3651 292 3700 est
308 3640 440 3697 assiduus
459 3635 563 3690 bostis.
