2190 4064
198 120 202 125 ⁸
299 188 313 235 s
391 160 688 231 eserniam.
825 127 893 211 ‘J
970 161 1013 224 ιν,

12 383 28 395 ,
45 315 222 402 'prophetis
240 318 385 398 epum
405 320 468 390 est,
502 310 625 377 manare
654 333 689 375 ex
709 314 903 396 prouisam
913 298 1009 401 primi

61 425 235 504 praecepta
265 423 348 504 „ligo
369 420 438 484 som
455 422 538 484 Deua
559 425 658 481 tuua“
743 428 746 432 '
1005 456 1008 461 -

120 530 214 589 -Jam
245 529 419 589 discendum
447 534 514 599 est,
548 531 583 586 ut
610 526 796 586 versiculum
820 521 899 586 hunc
925 509 1016 588 recte

61 635 214 695 discamus
232 631 459 715 applicaren).
501 633 602 693 Debet
618 635 696 692 enim
715 631 866 711 theologie
883 648 1013 710 prorsus

60 758 130 801 esse
150 739 295 818 practica
337 725 484 799 vexamur
498 741 593 798 ‘varie
625 738 870 818 apontiiicibus,
896 740 935 797 ab
954 738 1018 801 ima
1072 774 1078 783 »

60 847 121 924 piis
143 846 330 924 principibus
353 849 384 904 et
405 843 486 916 aliis,
515 845 566 920 qui
595 844 718 915 verbum
738 843 794 902 Dei
824 846 855 902 et
874 848 1008 905 nostran

60 950 230 1010 doctrinam
248 950 385 1009 oderunt
436 949 497 1008 Sed
526 949 601 1008 haec
626 948 754 1027 pueritia
782 952 866 1032 sunt,
892 948 918 1006 si
939 962 1018 1014 cnm.

61 1056 122 1115 iliis
145 1056 347 1121 vexationibus
369 1054 521 1125 conferas,
557 1071 630 1128 quaa
652 1054 681 1110 in
704 1052 883 1113 conscientia
905 1055 1009 1113 nostro
1025 1033 1043 1046 ³

42 1162 194 1241 *excitant
206 1161 314 1229 Satan,
337 1165 493 1237 peccatum
515 1164 648 1218 nostrum
670 1162 701 1216 et
721 1155 874 1218 infirmitas
891 1166 1006 1219 'nostra

58 1265 244 1325 Discendom
264 1265 366 1340 itaque
381 1269 441 1335 est,
463 1269 498 1324 ut
518 1263 554 1322 de
572 1259 618 1321 his
632 1263 766 1322 omnibus
782 1267 906 1334 statuas,
927 1262 1008 1341 quod
1061 1321 1066 1327 ,

58 1372 121 1431 sint
144 1373 229 1450 virga
249 1389 303 1429 seu
325 1375 475 1448 sceptrum
496 1369 668 1445 impiorum,
700 1373 732 1427 et
761 1384 893 1446 opponas
915 1349 1016 1431 doni-2

45 1495 149 1545 nam,
186 1473 366 1533 revelantem
388 1474 437 1533 hic
468 1475 499 1531 in
526 1475 616 1531 verbo
637 1490 721 1533 suam
742 1472 939 1560 voluntatem,
970 1494 1011 1537 uc.

57 1583 319 1661 pronuntiantem,
347 1579 427 1654 quod
448 1596 507 1637 non
528 1595 674 1656 maurus
694 1580 748 1648 ait,
776 1583 810 1637 ut
831 1598 923 1658 super
943 1598 1016 1641 sor-e

57 1692 119 1746 tem
139 1687 291 1764 justornm
320 1688 438 1743 maneat
466 1688 617 1762 sceptrum
643 1685 808 1764 impiorum.
850 1683 917 1743 Hoc
937 1703 1016 1751 cnon

55 1791 109 1850 iiie
130 1792 273 1869 princeps
293 1789 464 1866 promittat,
498 1769 672 1864 qui'omnia
692 1788 783 1849 habet
803 1768 839 1847 ¹in
860 1789 1005 1862 manibus,
1043 1852 1047 1857 ,
1077 1813 1082 1829 ¹

56 1896 131 1972 quid
155 1895 335 1970 requirimus
357 1894 505 1979 ampliusi
548 1895 581 1952 Si
603 1895 679 1953 enim
700 1893 872 1974 patiendum
893 1872 1013 1972 aliquid.

57 2006 115 2072 est,
139 2003 224 2058 certa
246 2003 292 2058 est
308 1998 446 2060 voluntas
462 2001 535 2076 ejus,
559 2001 637 2076 quod
654 2020 760 2061 vexare
775 2000 927 2072 sinit,„scd
946 2018 1012 2063 nou.
1048 1988 1050 2006 ¹

56 2106 130 2164 sinit
165 2103 341 2164 conculcare
375 2111 405 2164 et
433 2106 570 2185 perdere.
621 2108 673 2166 Sic
700 2106 844 2166 utendum
872 2107 1016 2174 erathii,-
1045 2085 1048 2089 ,

56 2208 311 2270 consolationibus
334 2211 533 2270 suavissimis·
1003 2222 1006 2227 '

28 2356 36 2369 ,
143 2312 232 2378 ouon
260 2313 299 2372 ad
319 2317 540 2394 grammaticam
562 2317 683 2386 attinet,
714 2318 784 2373 nota
811 2320 858 2376 est
878 2316 1006 2394 phrasis,
1041 2349 1045 2354 ·

55 2440 117 2497 quo
139 2419 226 2478 modo
249 2424 353 2479 utatur
366 2422 517 2498 scriptura
530 2421 672 2480 vocabulo
692 2423 793 2499 virgae
808 2416 872 2497 ¹⁸).
914 2419 1014 2483 Pueri.

54 2527 274 2603 primaaetate
289 2524 482 2602 corriguntur
497 2527 595 2603 virga,
617 2543 684 2584 cum
700 2530 800 2584 autern
813 2523 1004 2609 acioieverint,

55 2628 174 2688 baculo.
218 2629 334 2694 Quodsi
355 2648 392 2688 ne
419 2631 463 2689 sic
486 2631 605 2707 quidem
627 2629 763 2689 meliores
778 2629 874 2700 riiunt,
901 2627 1014 2706 sequi·-

54 2741 108 2794 tur
129 2732 249 2794 tandem
272 2735 356 2812 virga
377 2735 483 2795 farrea.
526 2733 605 2794 Hinc
625 2735 671 2807 fit,
700 2741 734 2796 ut
754 2738 838 2815 virga
859 2733 1006 2813 significet

56 2857 173 2898 omnem
195 2842 376 2917 potestatem
397 2858 450 2898 seu
471 2841 714 2919 gubernationem
745 2841 784 2900 ad
806 2838 1015 2901 emendandos

54 2949 87 3002 et
115 2943 308 3022 corrigendos
339 2944 482 3014 homines.
527 2947 578 3004 Sic
608 2945 714 3024 psalm.
740 2949 823 3007 ilo:
864 2944 1005 3024 „virgam
1056 3015 1063 3035 ι

53 3049 176 3107 virtutis
196 3053 268 3108 tuae
291 3052 407 3110 emittet
427 3051 563 3111 dominus
586 3069 620 3109 ex
638 3052 747 3122 'Sion‚“
777 3050 834 3109 hoc
857 3056 917 3122 est,
938 3026 1021 3130 reg-
1078 3056 1082 3062 “

52 3170 127 3211 num
157 3156 253 3212 tuum.
296 3154 452 3232 Significat
480 3158 557 3216 enim
586 3157 627 3215 ibi
649 3155 746 3227 ,talem
778 3155 909 3234 virgam,
945 3173 1015 3232 qua.

51 3259 266 3338 pubmnantur
293 3277 386 3338 regna
413 3265 444 3320 et
463 3261 577 3341 populi.
619 3258 668 3319 Ad
694 3259 774 3320 hunc
794 3261 919 3320 modum
935 3278 1016 3323 con·.

51 3361 150 3432 cedit,
166 3363 217 3422 hic
236 3364 367 3442 Spiritus
393 3371 520 3426 ‚sanctus
542 3364 770 3425 dominationem
798 3384 853 3426 seu
871 3365 1016 3441 tyranni,

50 3469 125 3528 dem
148 3469 244 3547 impiis
273 3470 304 3527 in
331 3469 411 3548 pios,
443 3480 532 3548 quam
558 3471 600 3549 pii
630 3476 778 3549 coguntur
799 3464 892 3542 serre,
924 3470 1004 3530 sicut

128 3672 180 3744 lt)
201 3674 362 3746 Applicatio
383 3642 465 3743 trojus·
486 3678 699 3733 consolationis.
773 3676 823 3748 18)
844 3632 942 3746 Virga„
