2190 4064
420 236 563 300 Psalmi
586 234 636 297 Li.
939 238 998 319 tat?

53 390 173 471 ligant,
201 390 302 453 rident
335 410 371 451 ea
397 394 540 469 tanquam
569 389 735 455 stultitiam.
792 385 854 449 Sed
887 387 1014 470 Spiritui

53 496 165 561 sancto
185 509 245 549 noa
266 494 313 551 est
334 490 478 561 stultitia,
508 488 562 549 sed
594 506 709 557 summa
739 486 903 568 sapientia,
924 494 960 548 ut
980 488 1013 551 iu

54 596 196 671 ternpore
219 590 436 669 desperationis
457 590 580 655 maxime
601 604 756 666 speremus
770 586 1012 659 misericordiam,

54 688 166 751 coatia
188 692 373 769 intempore
393 688 625 769 praesumtionis
646 690 677 745 et
698 686 868 747 securitatis
888 688 1013 747 maxime

56 790 228 851 timeamus.
270 786 365 867 Hunc·
389 787 503 847 ceritum
531 786 666 867 praefert
685 786 833 867 propheta
852 784 1013 866 sacrificiis,

58 893 94 948 et
114 906 169 949 nos
193 906 310 965 quoque
332 885 464 946 docendo
485 887 604 969 invitat,
631 888 681 959 ut,
708 903 777 947 cum
796 883 861 947 Deo
880 886 1016 968 gratissi-

58 1006 144 1047 mam
166 985 343 1074 sacrificium
373 988 529 1067 praestare
549 980 699 1058 volumus,
728 1004 787 1047 non
813 985 1012 1057 hecatombaa,

59 1106 123 1147 mon
145 1086 318 1169 holocausta
338 1086 535 1158 instruamus,
563 1084 618 1146 sed
645 1088 680 1145 ut
710 1102 851 1145 canamus
870 1086 927 1144 hoc
948 1104 1014 1146 car·

54 1180 147 1255 auen:
186 1183 391 1265 „Samiticium
421 1182 485 1251 Deo
519 1184 644 1265 spiritus
670 1184 916 1256 contribulatus,“
955 1185 1013 1245 hoc

55 1290 139 1371 est,
157 1286 193 1372 ui
212 1284 368 1345 credamne
389 1283 453 1343 Deo
473 1282 594 1365 placere
625 1284 807 1344 renationem
827 1287 858 1343 et
878 1282 1013 1345 aiiliciio·

56 1402 114 1446 nea
137 1389 274 1466 nantas,
296 1388 326 1443 et
347 1382 529 1445 confidamus
553 1382 618 1461 ejus
639 1382 868 1463 misericordiae.

141 1483 221 1555 „Cor
240 1485 400 1545 contritum
423 1486 453 1542 et
472 1482 657 1547 humiliatum
664 1480 748 1545 Deua
761 1499 820 1546 non
836 1480 1011 1561 despicies.⁰⁸

53 1580 249 1656 „Contriinm
269 1587 300 1642 et
319 1581 523 1643 humiliatum“
544 1581 625 1653 dicit,
648 1598 706 1647 non
721 1580 806 1651 ,licta
828 1579 883 1639 sed
903 1598 1009 1641 revera

55 1682 286 1753 comminutum,
317 1682 397 1758 quod
424 1698 498 1761 prae
529 1681 737 1762 desperatione
765 1680 851 1755 quasi
872 1679 1009 1738 moritur.

56 1775 140 1839 'l'aie
161 1800 228 1853 cor,
250 1782 361 1857 inquit,
383 1786 417 1840 tu
438 1799 497 1839 non
517 1780 620 1851 odisti,
650 1780 727 1839 sicut
748 1798 801 1838 nos
822 1779 1009 1847 sonariamus,

56 1878 114 1941 sed
143 1880 254 1960 accipis
280 1899 349 1965 cum
379 1880 542 1959 voluptate.
583 1880 724 1959 Videmus
758 1879 850 1957 igitur
877 1880 1010 1936 nostram

54 1978 235 2059 theologiam
246 1998 312 2038 esse
326 1976 448 2040 uerbum
460 1981 537 2039 ritae
552 1983 583 2039 ei
592 1980 736 2057 justitiae,
758 1979 828 2056 quia
841 1979 957 2057 pugnat
978 1978 1010 2035 ei

57 2080 149 2159 cripit
169 2084 273 2146 contra
292 2084 448 2161 peccatum
475 2086 506 2140 et
533 2083 673 2150 mortem,
705 2097 761 2137 nec
790 2077 879 2137 etiam
908 2064 1010 2156 potest

57 2179 206 2251 exerceri,
236 2180 293 2239 uisi
325 2180 356 2237 in
388 2183 511 2258 peccato
540 2182 572 2238 et
591 2177 770 2239 infirmitate.
812 2174 870 2237 aas
891 2193 1010 2253 quoquo

57 2276 358 2350 verbnm.'laetitiae,
396 2278 482 2355 cujus
515 2278 609 2337 virtus
642 2295 701 2335 non
734 2278 835 2356 potest
866 2273 1007 2355 conspici,

57 2377 116 2443 nisi
144 2378 177 2437 in
209 2378 333 2441 tristitia
366 2382 397 2437 ct
427 2361 644 2438 afflictionibus.
686 2373 727 2435 At
757 2393 811 2435 nos
832 2375 1008 2447 sic·sumus‚

56 2480 92 2537 ui
122 2480 266 2555 optemus,
288 2476 407 2553 quidem
434 2480 557 2537 verbum
577 2474 665 2554 ¹vitae
686 2478 717 2535 et
736 2465 868 2533 lactitiae
887 2470 1008 2545 habere,

57 2574 113 2635 sed
140 2575 321 2635 tentationes
351 2576 453 2635 mortis
491 2578 520 2633 et
555 2572 693 2655 tristitiae
725 2576 861 2654 optamus
892 2574 1008 2644 abasse,

56 2672 128 2735 beili
156 2674 290 2753 proiecto
322 2680 353 2735 et
387 2692 494 2735 suares
526 2671 664 2751 theologi.
706 2671 888 2759 Discendum
912 2672 1008 2755 igitur

58 2778 123 2847 est,
159 2773 241 2851 qaod
274 2775 305 2833 in
334 2774 433 2851 inedia
461 2774 573 2845 morte,
600 2772 630 2831 in
661 2790 762 2832 morsu
789 2770 1007 2857 stipatoribus

57 2874 274 2945 conscientiae,
302 2874 333 2933 in
361 2874 456 2934 medio
478 2870 611 2931 dentium
637 2870 747 2931 diaboli
767 2874 798 2932 et
817 2870 925 2957 inferni
942 2887 1008 2949 ver·

57 2970 186 3055 ¹sandum
206 2974 246 3033 sit
266 2973 444 3045 christiano,
469 2975 500 3031 et
519 2974 620 3031 tamen
649 2971 773 3032 verbnm
793 2968 908 3051 gratiae
936 2968 1008 3028 reti·

58 3070 206 3143 nendum,
228 3075 263 3131 nt
284 3066 416 3132 dicamus
438 3074 468 3130 in
488 3069 599 3131 talibus
619 3070 795 3151 pavoribus:
817 3067 869 3128 'l'u
891 3067 1008 3127 domine

57 3170 140 3231 iares
161 3170 250 3244 mihi,
277 3172 347 3248 quia
367 3158 511 3251 scriptum
532 3178 596 3243 est,
616 3166 712 3229 Deum
733 3188 792 3230 non
813 3166 895 3229 aliud
914 3169 1024 3228 sacri-¹

57 3269 158 3331 ficium
182 3272 296 3351 pretias
316 3271 441 3346 trabere,
468 3266 556 3347 quam
577 3272 737 3330 contritum
756 3288 821 3341 cor,
849 3272 904 3328 ne'c
925 3265 1008 3327 aliud

57 3370 213 3449 acceptius
235 3370 450 3442 sacerdotium,
477 3386 645 3459 quamzquo
668 3368 832 3430 offeruntur
852 3366 1007 3427 humiliata

58 3467 163 3529 corda.
204 3460 297 3549 Papa,
325 3488 394 3531 cum
420 3468 568 3553 sacrificat
587 3470 618 3547 in
638 3486 748 3555 pompa
767 3468 887 3547 regibus
906 3465 1008 3551 'digna

58 3560 218 3642 sordetia
238 3566 331 3644 oculis¹
351 3566 422 3642 Dei,
452 3572 483 3629 et
504 3552 745 3650 estl'abominatio
761 3575 839 3647 'prae
859 3583 918 3635 uno
938 3582 1008 3644 pcc-

57 3672 163 3729 estora
184 3666 319 3760 dicentes
343 3668 443 3743 ,Deus
464 3672 535 3746 esso,
554 3664 627 3731 nihi
645 3667 824 3751 'propitiast‘
853 3666 941 3727 dicat
962 3678 1026 3741 pn·

696 3772 739 3836 ii
763 3773 778 3801 '⁸
1024 3768 1027 3773 ’

856 3955 915 4008 ⁵⁸2
