2204 4058
345 240 385 300 ln
404 240 551 301 Psalm.
574 238 688 300 Grad.
930 243 994 303 ιιιιιι

128 393 179 455 Ad
195 394 274 453 hune
291 392 412 461 modum
428 365 590 453 dstendunt
612 392 760 463 historias,
782 410 849 451 eum
862 392 1000 454 Julianus

44 498 284 573 pensaquorotur
306 492 406 552 dirum
426 491 636 561 Athanasium,
665 495 696 550 ct
717 493 838 551 exitium
860 495 887 551 ai
907 495 1000 551 mina-

47 599 146 665 retur,
184 594 293 652 dixisse
324 590 533 662 Athanasium,
555 610 621 650 essc
648 591 814 669 periculum
848 592 876 649 id
906 593 1000 651 simile

52 693 231 764 nubeculae,
258 710 346 768 quam
368 691 512 770 paulatim
534 689 579 749 sol
600 693 755 749 consumit.
800 691 881 756 nnio
901 693 1001 771 potuit
1025 770 1028 774 Ι

58 806 159 864 quaeso
183 790 242 851 dici
264 793 440 850 contemtius
471 789 509 849 de
526 784 558 848 'ri
579 794 677 861 tanta,
707 809 796 869 quam
823 791 1000 851 moliebatur

61 895 144 969 eaput
172 891 288 971 imperii
315 891 455 963 Romani,
485 908 574 965 quam
594 892 707 959 rectius
728 892 803 949 mari
830 897 861 949 ct
886 892 999 952 infinito

10 981 14 1036 ι
64 984 185 1049 incendio
219 991 397 1069 compar-asi
432 988 494 1049 Sed
527 990 605 1049 sicut
641 988 823 1049 Athanasius
862 991 939 1050 dixit
969 999 1000 1051 et

10 1073 15 1166 ξ
69 1088 192 1161 eredidit,
219 1090 262 1149 ita
284 1110 402 1167 quoque
422 1089 534 1150 lactum
556 1093 610 1148 est
654 1090 727 1149 llam
749 1089 888 1149 Julianus
909 1091 999 1169 paulo

10 1171 164 1262 [’ροιι
155 1210 186 1249 ιιι
214 1189 375 1249 solitudine
402 1189 565 1266 quadam'
556 1208 586 1247 m
614 1188 715 1250 PersIs
745 1189 914 1249 trucidatus
945 1196 999 1263 est,

10 1265 231 1349 'Athanasius
260 1300 362 1348 autem
396 1290 505 1349 mansit
532 1287 695 1347 incolumis.
737 1289 838 1368 Hujus
867 1292 999 1370 exemplo

74 1398 115 1444 uos
141 1406 259 1467 quoque
291 1389 440 1449 discemus
469 1391 572 1448 nostra
600 1384 736 1467 pericula
763 1388 936 1461 aestimare,
969 1396 1000 1450 ct

76 1490 189 1559 spatam
213 1489 339 1549 verbum
360 1488 576 1566 promittentis,
606 1504 644 1545 ue
674 1506 709 1545 ex
736 1489 820 1548 nohis
850 1494 881 1549 et
909 1508 1001 1550 sensa

18 1643 21 1650 ,
77 1587 170 1661 eostre,
198 1585 254 1649 sed
275 1605 310 1647 ex
330 1587 524 1666 promissione
545 1584 653 1644 domini
674 1586 866 1665 pendeamus.
908 1588 999 1661 lions,

75 1680 277 1760 latissimas,
297 1685 412 1757 edium,
434 1704 492 1765 quo
512 1684 642 1743 mundus
663 1703 718 1745 uos
739 1685 809 1757 odit,
832 1689 998 1767 ignominia,

77 1784 164 1848 ltalio
182 1787 290 1849 similia
309 1786 400 1858 mala,
423 1788 493 1845 sunt
516 1804 587 1843 sane
609 1783 700 1857 mala,
728 1789 758 1844 at
778 1792 860 1846 reete
882 1807 1000 1867 compa-

29 1897 34 1904 '
76 1886 158 1947 natur
177 1887 292 1968 ingenti
313 1906 349 1946 ae
367 1886 500 1976 horribili
521 1887 701 1965 tempestati.
743 1884 839 1945 Hic'
815 1907 840 1946 ss
855 1891 1000 1948 rationem

77 1975 225 2046 ruiramus
242 1986 273 2045 rh
289 1987 449 2056 consilium,
473 1987 701 2056 succumbimus,
723 1986 775 2045 scd
797 1987 914 2047 levandi
929 1993 1000 2049 srmt

75 2077 179 2142 ocul·
152 2105 181 2143 m
200 2071 331 2156 montes,
360 2090 391 2143 et
411 2085 558 2144 audienda
585 2104 653 2145 sor:
676 2085 741 2165 Ego
763 2105 828 2145 sum
856 2088 999 2160 dominns,

34 2170 137 2243 'deus
156 2188 243 2256 tuus,
266 2204 337 2265 ergo
356 2186 513 2265 magnilica
532 2188 656 2245 uerbum
678 2193 708 2245 et
729 2187 869 2246 seruilium
891 2208 997 2248 meum.

10 2269 126 2378 ¹idle
143 2303 211 2368 eum
230 2282 273 2356 liu,
294 2284 409 2344 vilescit
431 2284 483 2343 illa
502 2284 675 2364 magnitudo
689 2285 823 2363 periculi,
846 2294 876 2344 et
889 2307 1000 2365 augen-

69 2380 110 2441 nr
126 2362 254 2445 eontm
243 2402 276 2442 ιιι
290 2382 381 2443 corde
394 2385 518 2443 verbum
531 2384 649 2456 [leit
618 2388 649 2443 et
663 2386 833 2463 promissor,
854 2390 889 2443 nt
902 2387 999 2464 dicas:

68 2476 160 2544 leniet
180 2502 253 2543 sane
274 2486 437 2563 tempestas
458 2482 508 2541 illa
530 2485 747 2561 quantumvis
738 2501 857 2563 angens,
884 2484 932 2544 hic
955 2491 1001 2544 est

62 2577 146 2657 Deus,
165 2584 215 2645 hie
235 2586 283 2643 est
303 2584 369 2661 ejus
389 2584 522 2644 verbum.
565 2581 616 2641 Sic
636 2584 783 2662 redigitur
804 2585 896 2644 omnis
917 2586 1001 2643 lutor

61 2680 179 2756 diaboli,
215 2683 304 2743 etiam
329 2687 496 2764 peecatum
514 2686 545 2741 et
571 2699 651 2741 mors
679 2684 710 2741 in
737 2684 874 2755 nihilum,
912 2689 941 2744 et
967 2684 1001 2744 ot

57 2800 147 2843 uuum
167 2783 317 2844 modicum
336 2783 528 2863 punctulum,
551 2782 632 2861 quod
652 2788 740 2844 antea
759 2784 916 2845 ridebatur
938 2783 1002 2842 inlr-

57 2886 120 2945 uita
139 2883 234 2944 moles
247 2873 331 2944 ,asta

137 2985 304 3063 sicigitur
330 2982 471 3043 debemus
500 2981 617 3043 discere
645 2982 848 3044 distinctiones
871 2984 1001 3063 Spiritus
1025 3044 1038 3066 Ι

54 3084 160 3145 sancti.
204 3081 332 3143 Moritur
352 3083 407 3142 tibi
429 3087 532 3161 pater,
562 3082 655 3154 filius,
683 3101 771 3154 uxor,
799 3084 908 3143 amittis
930 3102 1001 3154 rem,

52 3183 194 3264 gloriam,
225 3175 399 3253 sanitatem,
425 3179 706 3253 fiduciam'cordis,
735 3185 822 3242 ctiam
851 3184 1003 3242 Christum

35 3283 220 3354 'interdum,
242 3286 313 3343 sunt
333 3301 405 3341 sane
426 3282 477 3341 illa
497 3299 629 3364 magala„
648 3284 701 3340 sed
722 3302 806 3354 cave,
835 3304 872 3341 nc
895 3304 926 3342 ox
949 3284 1004 3339 hoc

49 3386 191 3461 tempore
212 3381 304 3460 hujus
326 3400 431 3441 sensus
462 3371 553 3441 iacias
575 3384 748 3461 sphaeram,
779 3386 808 3441 et
836 3386 1003 3461 expuncto
1070 3380 1073 3386 ’

48 3483 108 3544 lroc
131 3482 241 3544 lineam
262 3480 414 3540 infinitam.
457 3480 658 3546 Quantumvis
687 3483 764 3540 enim
792 3501 930 3561 maguum
958 3484 1004 3537 ost

47 3582 175 3653 malum,
196 3580 279 3641 Deus
302 3585 383 3639 certe
404 3566 524 3641 infinitis
545 3581 641 3640 modis
658 3583 752 3659 major
767 3587 822 3640 est.
865 3584 898 3639 si
914 3581 1004 3656 igitur

45 3682 103 3744 ille
124 3681 226 3742 adhuc
247 3683 316 3750 stat,
339 3680 365 3739 si
384 3698 443 3740 non
461 3680 560 3760 periit,
583 3681 662 3746 sicut
682 3683 785 3765 perire
806 3681 927 3759 nontin,
944 3676 1022 3754 amhn
1066 3686 1069 3691 “

79 3796 176 3841 [utheri
191 3794 230 3848 Op.
245 3800 329 3847 eroget.
347 3793 395 3839 Vola
409 3794 472 3839 XlX.
712 3810 757 3871 14
