2204 4058
360 237 401 303 in
422 210 564 297 Pasini.
586 206 703 298 tired.
772 196 775 201 Ι
932 195 1008 302 xitt

54 387 168 473 posse,
184 386 238 451 sed
253 390 316 456 ¹nori
330 392 559 487 pourertuntsn.
574 427 578 435 ι
592 388 660 452 litai
676 390 770 479 ¹enim¹
776 388 840 473 jans
861 406 921 452 uuo
940 392 1006 455 loeo

55 492 183 572 impimn
203 492 396 563 crobtures,
426 488 710 562 stattm'inreniunt,
738 489 820 569 quod
841 510 1008 553 remumu·

56 595 144 662 rent,
169 590 259 665 stem,
278 606 338 650 non
364 588 459 651 solum
478 586 543 649 Arii
571 592 603 649 et
635 588 760 650 aliorum
789 590 1008 653 haereticorum

35 688 204 770 ,historiae
229 686 412 762 comedunt}
452 690 515 751 sed¹
545 690 635 749 etiarn
668 708 722 749 uos
763 692 858 750 nostri
894 678 1007 752 saeculi

60 789 204 875 cremplia
220 788 329 849 testari
349 804 516 869 possumus
557 788 640 869 Ergo
657 786 838 869 impossibile
854 797 910 862 est,
931 811 1008 850 com-

59 890 189 968 poscere,¹
205 885 355 969 perpetuo.
373 888 624 972 oe'haeretieum„
659 886 726 950 lioc
746 895 846 949 autem
867 890 1009 970 possibile

62 992 127 1061 est,
145 993 190 1048 ιιι
201 1002 253 1048 eos
270 989 481 1049 convincamus
501 992 537 1049 et
552 987 784 1067 redarguamus,
811 991 882 1049 item
901 995 939 1052 nt
957 980 1009 1050 n'o-

61 1092 141 1149 stros
172 1089 210 1149 ab
239 1107 342 1147 eornm
379 1106 497 1159 errore,
530 1106 586 1149 ceu
616 1089 856 1168 praesentissimo
886 1108 1012 1161 renero,

61 1205 298 1267 praescrvemus.
339 1185 437 1249 Debet
463 1188 540 1246 enim
561 1187 718 1268 episcopus
747 1190 912 1250 instructus
933 1209 1008 1261 esse,

61 1304 123 1346 non
144 1285 239 1346 solum
259 1286 299 1345 ad
319 1282 467 1346 docendos
489 1284 721 1365 simplices,'sed
742 1290 829 1348 etiam
849 1288 889 1351 ad
907 1289 1009 1349 redar-

61 1385 196 1467 guendos
216 1404 381 1469 perversos.
402 1386 458 1447 His
479 1386 611 1446 contenti
626 1385 726 1459 simus,
747 1392 783 1448 ut
803 1391 897 1449 nostri
920 1407 1020 1468 proc--

61 1485 166 1545 moniti
192 1476 223 1543 in
253 1504 332 1545 sanc·
352 1486 487 1553 doctrina
503 1486 675 1564 persistent,
696 1495 731 1546 nt
751 1492 851 1546 autem
871 1495 1008 1551 auctores

60 1584 230 1657 haeresium
264 1591 487 1663 convertamus,
511 1585 569 1646 hoc
584 1603 656 1651 ‚non
676 1578 840 1666 speremus.
868 1587 1018 1654 -tiuoties¹

62 1683 204 1744 Christus
239 1680 411 1764 pharisaeos
439 1704 498 1751 non
519 1684 614 1745 solum
635 1690 740 1765 aperte
760 1687 925 1765 scripturn,
954 1688 1009 1746 sed

63 1784 155 1844 etiam
177 1781 234 1843 liei
255 1783 347 1863 digito
368 1791 399 1847 et
420 1783 570 1845 miraculis
591 1784 737 1846 convicitt
771 1789 920 1846 ettamen
940 1803 1009 1866 per-

62 1871 260 1967 manebant·
251 1903 282 1942 ιι
307 1902 363 1945 ιιι
388 1884 549 1985 impietate.
590 1882 680 1945 Arius
710 1903 809 1959 coram
829 1884 927 1946 Probo
947 1905 1010 1946 ιιι-

63 1983 174 2043 nitente
200 1983 402 2059 conciudItnr,
425 1990 465 2045 et
493 1989 592 2069 temen
620 1993 726 2065 postea
757 2003 887 2059 errorem
922 2003 1009 2046 suum

63 2082 179 2161 majore
200 2082 308 2143 fiducia
329 2089 360 2144 ct
379 2102 521 2165 successu
539 2074 695 2164 propagat.
737 2084 817 2151 auio
831 2085 869 2144 de
882 2086 1009 2240 papistis

63 2184 177 2243 nostris
198 2181 349 2251 dicemusi
373 2194 411 2242 an
431 2190 489 2243 non
510 2183 640 2244 eadem
632 2204 663 2242 ιι
683 2185 726 2244 eis
747 2184 934 2263 experimurt
984 2250 988 2254 ,
1083 2168 1088 2187 ’

113 2259 230 2362 “Ergo
251 2301 318 2354 eos,
341 2284 391 2359 qui
411 2301 469 2341 non
490 2302 607 2356 errore,
628 2284 681 2343 sed
701 2280 871 2343 voluntate'
873 2290 1008 2362 peccant,
1057 2326 1060 2331 -

64 2388 99 2446 et
120 2384 250 2444 converti
271 2382 387 2454 nolunt,
386 2382 618 2473 relinquamus
651 2386 721 2460 post
747 2401 836 2441 unam
866 2401 903 2443 ac
936 2383 1011 2443 alte-

64 2502 132 2544 ram
154 2482 395 2554 admonitionem,
424 2487 454 2542 ot
483 2500 649 2562 pugnemus
682 2486 786 2540 contra
807 2500 857 2540 eos
878 2482 1010 2562 exemplo

65 2572 190 2644 Desidia
207 2583 360 2661 oratione,
391 2583 469 2642 sicut
500 2583 587 2640 etiem
617 2600 671 2660 pro
692 2583 801 2641 nostris
821 2582 904 2640 nobis
926 2600 1012 2640 orun-

66 2682 139 2741 dum
160 2680 238 2755 esi,
236 2703 274 2742 ne
304 2681 421 2761 decepti
453 2680 550 2760 specie
579 2679 768 2739 seducantur.
810 2680 934 2740 Praeter
954 2681 1012 2740 hoc

66 2778 142 2843 niiiii
164 2762 311 2859 reliquum
333 2791 387 2853 est,
409 2781 489 2859 quod
508 2798 640 2859 agemus.
682 2780 754 2839 Nam
764 2777 799 2858 ²)
818 2788 922 2840 auctor
943 2782 1012 2857 hae·

64 2882 179 2942 resinm
201 2878 335 2941 diabolus
367 2882 410 2940 ita
440 2862 573 2940 lubricus
609 2886 639 2939 et
665 2880 744 2938 mille
759 2878 864 2941 'modis
884 2881 1012 2940 Proteus

67 2984 133 3053 est,
146 2984 183 3061 ut
202 2998 261 3059 non
281 2981 378 3061 possit
396 2985 477 3041 certo
499 2980 660 3058 constringi
691 2982 745 3040 aut
764 2981 838 3059 capi,
860 2998 921 3039 una
938 2980 1014 3039 rima

67 3056 232 3142 obstructa
248 3079 351 3142 decem
372 3080 445 3141 alies
466 3078 590 3151 invenit,
612 3079 719 3156 quibus
741 3079 884 3150 elabetur,
906 3083 937 3169 ct
958 3098 1015 3139 ceu

66 3184 177 3262 pentus
208 3180 366 3256 conclusus
387 3183 484 3255 omnia
507 3180 640 3258 quaerit,
673 3181 812 3257 penetrat
840 3179 949 3249 omnic,
977 3183 1013 3238 nt

66 3276 167 3363 possit
186 3276 273 3339 elabi.
298 3280 411 3359 Conna
430 3282 509 3340 hunc
529 3280 691 3360 praecipue
714 3281 872 3357 pugnatur,
895 3277 1012 3354 quando

68 3394 138 3461 mm
159 3380 328 3439 haereticis.
337 3382 385 3441 res
407 3384 461 3439 est
504 3380 606 3455 ltaque
633 3375 812 3457 disputando
833 3378 905 3439 nihii
924 3379 1013 3459 profi-

68 3480 160 3565 citur,
180 3482 238 3539 etsi
260 3478 469 3589 disputandum
491 3484 545 3552 est,
567 3484 597 3540 et
619 3478 868 3585 disputationibus
884 3479 1012 3537 ministri

69 3568 285 3677 W
306 3624 355 3663 cnr
374 3610 431 3677 sint
450 3609 669 3684 incorrigibiles,
689 3612 755 3685 quia
773 3612 872 3680 Sator,
894 3613 939 3684 qni
959 3594 1037 3705 coss

70 3694 205 3769 impetiit,
222 3709 284 3752 non
295 3703 392 3813 potest
409 3698 523 3771 corrigi.
