2190 4064
79 204 141 268 m
403 176 702 265 Praelectiones

80 357 114 415 Si
133 354 210 415 eninr
230 353 315 414 homo
336 357 483 435 pessimus
503 361 564 416 tam
585 355 680 416 malus
709 374 769 418 non
791 361 856 431 est,
884 361 951 437 quin
967 377 1003 421 su·

77 460 202 534 peretur
228 455 415 533 improbitate
434 454 554 527 orandi,
583 455 655 531 quid
676 474 734 515 noa
762 458 801 518 de
829 458 893 519 Deo
921 477 1002 540 spert-

77 556 189 626 bimus,
217 556 267 630 qui
289 573 321 613 sa
339 551 418 614 ultro
445 554 484 613 ad
512 553 675 614 audiendas
702 551 810 634 preces
841 557 938 630 offert,
961 576 1000 620 uos

76 659 177 714 autem
198 655 285 712 etiam
305 652 442 713 mandato
464 672 518 713 suo
539 655 618 733 cogit
639 653 678 713 ad
701 654 865 729 orandum,
893 659 1000 730 inunt

76 754 186 825 dicam,
209 753 288 830 quod
310 773 358 814 res
379 762 440 824 est,
465 753 516 829 qui
537 754 575 812 ad
595 753 780 833 largiendum
802 761 852 816 est
872 758 999 836 promtior.

76 872 165 931 quam
186 873 239 911 nos
261 854 299 911 sd
320 853 544 931 accipiendumi
566 853 639 912 Nam
661 853 712 912 illa
733 872 833 928 mora,
862 845 920 933 qua
938 857 1000 920 auri·

74 954 147 1013 lium
169 954 281 1023 differt,
303 972 362 1011 non
382 954 438 1012 hoc
459 954 520 1032 agit
540 950 585 1029 ⁸),
607 958 641 1011 ut
662 951 802 1025 ostendat
823 973 857 1015 se
878 974 930 1017 nos
956 971 999 1016 noa

76 1054 247 1114 auditurum
270 1072 343 1124 esse,
364 1052 417 1111 sed
438 1056 473 1112 ut
492 1057 626 1111 exerceat
647 1051 735 1111 fidem
754 1058 896 1127 nostram,
917 1059 944 1117 et
959 1072 999 1114 nos

74 1154 223 1213 discemus
259 1170 435 1231 cognoscere
469 1153 565 1210 varias
600 1156 630 1210 ot
663 1150 845 1232 multiplices
888 1156 999 1215 rationes

74 1254 173 1314 auxilii
196 1252 298 1323 divini,
326 1256 386 1310 tem
407 1251 494 1330 longe
514 1251 626 1330 positas
648 1268 740 1329 supro
760 1252 834 1325 hoc,
864 1252 942 1330 quod
964 1271 1000 1313 ca·

73 1370 147 1434 pere
175 1357 205 1411 et
233 1352 398 1430 intelligere
425 1370 592 1430 possumus.
643 1352 818 1411 Statuamus
848 1372 919 1433 erpo
943 1370 999 1422 ren.

74 1471 161 1530 quom
182 1453 325 1532 petimus,
348 1450 473 1521 differri,
494 1431 552 1509 non
574 1452 689 1528 negari,
718 1469 774 1510 nec
794 1454 943 1530 patiamur
959 1468 1000 1511 nos

72 1572 201 1630 uuquam
224 1571 258 1611 eo
279 1550 395 1621 adduci,
416 1555 451 1608 ut
472 1569 582 1610 moram
603 1550 681 1607 hanc
701 1550 935 1627 interpretemur
949 1568 999 1611 esse
1026 1543 1029 1550 ’

71 1654 239 1733 neglectum
253 1652 296 1729 ⁶).
340 1650 410 1711 Vult
432 1652 508 1710 enirn
530 1650 664 1717 dominus
685 1650 729 1707 ita
749 1652 905 1711 nobiscum
918 1669 999 1731 agera,

71 1758 107 1813 ut
127 1771 232 1812 nomen
252 1769 338 1811 sunm
359 1752 504 1821 retincat,
527 1748 605 1826 quod
626 1747 723 1807 David
751 1749 782 1806 in
810 1750 870 1809 alio
897 1750 958 1811 loco
979 1750 999 1810 ti

71 1848 241 1925 tribuit⁹),
271 1847 348 1925 quod
370 1848 482 1908 scilicet
510 1851 549 1910 sit
578 1849 696 1926 adjutor
723 1850 754 1905 in
782 1852 998 1927 opportunitate

70 1952 160 2034 Haec!
176 1948 380 2028 opportunitas
402 1947 541 2008 definitur
561 1950 598 2007 eb
620 1949 693 2026 ipso,
714 1950 831 2007 anobis
847 1951 1000 2030 nonpotest

71 2050 193 2111 definiri.

154 2150 224 2208 Sed
243 2148 338 2208 obiter
364 2148 420 2205 hoc
449 2164 566 2222 quoque
595 2146 812 2206 admonendum
844 2151 906 2219 est,
934 2142 1000 2224 quod

71 2251 202 2331 Spiritus
223 2255 344 2309 sanctus
367 2247 422 2305 hoc
451 2247 480 2303 in
508 2245 571 2305 loco
600 2250 708 2326 probat
734 2244 998 2323 oeconomiam¹').

71 2350 150 2429 quod
170 2351 260 2411 liceat
279 2349 388 2407 habere
416 2364 531 2416 servos,
559 2353 589 2406 et
616 2346 704 2405 simul
730 2345 878 2424 significat
905 2348 999 2407 bonun

68 2454 147 2513 ritae
168 2468 262 2529 genua
285 2468 349 2507 esse
372 2448 496 2517 servire,
526 2447 550 2506 si
579 2451 676 2505 temen
705 2445 829 2505 accedat
857 2445 945 2517 fides,
969 2444 999 2503 si·

70 2552 188 2629 quidem
210 2550 286 2609 servi
307 2549 354 2607 hic
374 2549 556 2607 inducuntur
575 2565 630 2625 pro
643 2545 841 2607 consolatione
861 2560 998 2605 servorum

68 2651 138 2720 Dei,
161 2654 191 2707 et
211 2649 356 2727 probatur
376 2649 467 2709 ineis
487 2648 630 2728 patientia
652 2650 682 2705 et
697 2644 779 2717 fides,
803 2643 999 2721 quamhabeat

70 2751 108 2810 da
138 2749 278 2817 dominis,
315 2747 393 2823 quod
422 2765 479 2805 non
509 2749 608 2807 stetim
635 2743 674 2803 ad
708 2745 836 2823 primurn
872 2758 997 2824 asperum

67 2850 188 2911 verbum
210 2847 341 2925 tugiunt,
372 2866 466 2922 neque
488 2849 529 2905 ita
550 2847 707 2905 severitate
736 2843 922 2903 dominorum
948 2849 998 2902 ter-

68 2955 185 3018 rentur,
207 2951 242 3004 ut
263 2964 375 3004 omnem
399 2944 436 3004 de
458 2963 556 3004 eorum
585 2935 767 3023 benignitate
797 2962 882 3024 spem
909 2941 998 3021 abjici-

67 3051 133 3117 ont,
162 3045 215 3103 sod
236 3045 399 3122 respiciunt
419 3043 458 3102 ad
485 3062 603 3102 manum
631 3062 747 3114 eorum,
776 3048 807 3102 et
835 3043 998 3122 exspectant

66 3144 303 3206 misericordiam.
348 3145 409 3203 Sed
429 3142 561 3223 proiecto
582 3142 712 3218 loquitur
738 3142 836 3202 David
864 3142 902 3202 de
928 3138 999 3200 meli·

68 3245 168 3303 oribus
199 3243 291 3301 servis
312 3247 344 3301 et
372 3242 500 3312 ancillis,
538 3259 627 3316 quarn
652 3241 740 3300 hodie
767 3247 847 3302 sunt.
884 3230 999 3301 ¹Nulluu

67 3344 142 3404 enim
164 3360 258 3419 genus
278 3341 426 3400 hominum
447 3344 509 3413 est,
530 3340 610 3416 quod
630 3340 780 3413 fallacius,
808 3340 999 3422 negligentius
1039 3357 1042 3454 p

68 3450 275 3464 -υ--υ-

134 3487 167 3555 8)
201 3487 259 3541 Gur
291 3488 436 3542 differatur
468 3488 610 3542 auxilium.
657 3489 691 3560 a)
723 3487 851 3546 Paulinus
881 3491 926 3547 lt).
955 3489 999 3560 [9.]
1038 3461 1042 3484 ⁴

65 3576 115 3645 lo)
132 3575 304 3630 oeconomia
318 3579 368 3630 trie
388 3578 528 3646 probatur.

137 3668 168 3734 *j
191 3666 219 3718 io
239 3664 305 3720 adit.
325 3664 441 3734 princip.
461 3666 535 3738 top:
553 3666 770 3737 septantam.

132 3979 215 4010 ss..
368 3979 466 4010 Α
