2190 4064
66 164 126 227 ses
403 120 662 220 onr'ntte-
691 168 698 205 τ
828 136 857 171 ·’
941 162 946 175 ·

65 308 149 383 „Non
168 306 374 381 benevolens
395 282 636 387 iniquitates-'ee
655 314 720 371 tn.“
764 312 852 391 Ergo
873 310 1012 373 stenen

66 414 251 499 respondere
281 412 320 473 od
340 414 398 475 boo
427 419 637 494 argumentum
658 415 710 475 illo
731 416 854 496 vulgari
883 415 976 489 (licto,
997 434 1013 478 s

66 520 188 595 mnsioie
222 524 384 599 nsnrpeto:
433 519 466 579 ln
499 519 558 580 fine
589 510 709 583 violetur
745 523 839 603 enjne
861 518 1013 600 ·tori¹¹).

66 623 267 685 «inlinendum
289 626 367 685 enim
388 629 435 685 oet
453 624 623 698 christiono,
644 640 705 685 noo
728 646 774 685 ex.
787 646 833 699 eo,
845 628 939 707 ¹qsrosl
957 646 1014 689 son·

67 730 106 791 tit
125 732 156 789 in
177 730 364 810 proesentis,
397 728 452 790 eorl
472 749 507 789 ex
528 748 583 798 eo,
608 730 688 806 qnod
718 732 848 791 verbnm
878 734 1014 813 promittit

68 834 107 895 de
125 835 242 906 iutnro,
264 834 345 911 quosl
365 834 480 897 seilicet
499 835 600 915 impii,
622 853 690 895 cnm
710 836 830 915 prolixe
851 843 1013 908 emerunt,

67 944 99 1001 et
118 941 200 1002 sorio
222 938 392 1000 afflixerunt
412 942 526 1011 bonos,
549 939 670 1001 mnilem
691 942 752 1001 sint
765 943 926 1019 perituri,
954 947 1014 1020 qnis

68 1038 151 1108 lien's
167 1048 268 1125 justus
290 1051 351 1106 ost:
385 1064 444 1104 non
466 1047 559 1125 igitur
575 1047 709 1126 potietur
724 1047 851 1123 justitie
873 1049 954 1129 ejus,
973 1049 1013 1128 jn

68 1156 131 1213 stoe
152 1150 279 1232 opprimi
299 1151 329 1209 in
350 1148 447 1209 linem.
534 1204 537 1209 .

67 1338 103 1398 V.
145 1312 450 1405 confundentur
484 1342 522 1397 et
551 1341 837 1401 convertentur
865 1345 1013 1401 retron-

294 1462 389 1515 sum,
412 1443 477 1520 qni
498 1442 793 1537 oelernntSion.
842 1468 851 1519 :'

121 1604 125 1613 ·
152 1571 218 1635 Dixi
240 1575 405 1634 orationem
425 1591 508 1633 esse:
546 1570 600 1631 sed
627 1571 712 1631 scitis
733 1572 766 1629 in
785 1575 868 1633 omni
890 1576 1014 1635 emtione

69 1692 135 1740 esse
156 1680 390 1759 promissionem,
411 1694 501 1754 qnem
522 1675 746 1756 promissionem
768 1678 861 1736 etiem
884 1680 917 1739 in
937 1698 1015 1759 prse-

70 1783 188 1845 cedenti
209 1798 298 1844 versn
326 1802 395 1844 cnm
418 1780 562 1860 singulari
584 1780 719 1860 empbssi
740 1782 875 1843 ostendit
896 1787 1016 1846 voosbo·

69 1888 131 1948 lem
151 1882 366 1965 ,juetns“²²),
387 1906 424 1946 no
446 1886 561 1947 scilicet
580 1903 816 1958 murmuremus,
845 1906 925 1949 nevo
944 1888 1014 1949 blss·

37 2002 41 2015 ·
69 1992 242 2075 phememns
262 1991 377 2063 Deum,
399 1992 486 2068 qnnsi
506 1990 602 2050 nostri
622 1989 732 2051 oblitus
755 1993 811 2062 sit,
834 1997 867 2053 et
888 2012 945 2055 noe
964 2013 1014 2054 non

69 2096 220 2176 respiciat
261 2096 356 2156 Porro
391 2094 471 2171 qnod
501 2095 550 2155 bio
583 2095 692 2157 dicits·
713 2096 1015 2165 „contundentnret

69 2206 281 2267 convertentur
301 2204 466 2260 retrorsum
474 2204 502 2271 ,“
530 2203 577 2259 est
598 2200 745 2278 quaedem
765 2201 928 2280 explicatio
947 2205 1015 2283 eins,

70 2308 151 2388 qnosl
163 2325 257 2388 supro
269 2306 350 2376 dixit,
370 2306 514 2376 lntnrnm,
532 2310 568 2366 nt
587 2304 784 2366 concidentur
804 2308 896 2369 lones
911 2327 1014 2378 eornm,

68 2414 127 2478 boo
147 2418 208 2486 ost,
241 2417 277 2474 ut
296 2410 471 2471 auferentur
491 2428 598 2488 regno,
625 2415 779 2489 potestne,
808 2429 900 2492 opes,
932 2414 1015 2493 leges,

69 2524 169 2603 ipenm
198 2520 326 2595 deniquo
354 2520 450 2577 totum
479 2533 591 2594 oorpns
604 2506 779 2595 politicum,
793 2518 893 2578 otest
915 2518 1016 2579 eoeislit

69 2627 232 2705 Babyloni,
265 2623 402 2693 Ninivoo,
433 2620 663 2696 Hierosolymis,
693 2621 834 2692 Athenio,
867 2622 1016 2692 Oorintbo,

70 2732 201 2803 Thebis,
223 2731 351 2798 liomee,
373 2727 403 2786 in
425 2708 554 2796 summo,
576 2726 711 2785 omnibns
732 2728 835 2804 regnis
856 2730 890 2788 et
910 2728 1016 2808 potitii·

71 2855 131 2896 non
152 2834 394 2896 submittentibus
423 2848 456 2888 oo
478 2827 640 2908 evangelio.
690 2829 765 2888 Gom
795 2831 876 2891 onim
906 2830 1016 2892 ettolle·

70 2944 139 3001 rent
161 2944 307 3012 corvinos,
328 2943 359 2998 et
373 2935 493 2996 Christo
513 2936 632 3010 regisse
651 2940 858 3013 opponerent,
875 2940 1014 3015 tannom

70 3047 205 3124 potentio
237 3064 295 3105 sno
329 3040 502 3121 oppressuri
534 3056 618 3110 enm,
652 3042 819 3120 perierunt.
838 3084 842 3089 -
861 3038 914 3100 Μ
927 3042 1016 3100 -bneo

70 3148 353 3210 modum-debemus
375 3164 428 3207 nos
449 3160 568 3221 qnoque
589 3162 684 3215 omre,
705 3150 736 3204 et
758 3150 939 3224 exspectem
958 3161 1015 3205 eor·

68 3258 133 3337 um
159 3253 319 3314 vindictam
349 3268 467 3321 eornm,
502 3247 553 3324 qni
581 3265 614 3306 se
644 3248 732 3309 bodie
753 3249 908 3328 evangelio
930 3266 1016 3330 oppo-

69 3363 160 3430 nnnt,
194 3359 277 3435 qnod
296 3355 515 3421 ooninnilontnr
545 3351 679 3435 tonslem³
696 3372 791 3435 pepe,
818 3356 961 3441 episcopi
988 3362 1016 3413 ot

71 3638 74 3645 .
140 3588 192 3659 ²1)
214 3587 316 3663 lolline
343 3586 451 3667 videtur
477 3580 558 3650 eujus
577 3579 645 3633 loni.
715 3584 771 3659 Ιἰθ)
793 3578 954 3643 Promissis»
981 3587 1015 3640 ie.

71 3680 150 3736 eluse
167 3680 197 3735 in
215 3682 286 3735 bene
306 3680 506 3750 procationem.
588 3706 591 3711 ·
639 3712 645 3721 ·

359 3956 765 3997 *A
