2190 4064
266 218 269 225 '
355 270 358 275 -
448 205 688 305 asarmomf
786 256 790 263 ·
951 254 1082 327 no.

27 400 273 481 ,putationibus
306 401 336 455 et
365 398 630 469 satisfactionssms,
657 402 693 456 et
733 401 797 457 sine
829 402 887 460 ista
917 402 1022 464 fictitia

42 500 258 579 poenitentia,
279 515 370 573 quam
392 496 536 557 hactenus
558 498 712 575 docuimus
734 500 762 555 in
784 499 903 577 populo,
926 507 1021 583 etpm

44 601 158 678 pistae
187 597 291 655 adhuc
323 595 444 665 docent,
479 592 694 673 quietantum
721 616 782 656 una
799 599 1021 675 justificationis

46 716 152 758 causa
176 700 234 767 est,
257 694 380 766 scilicet,
401 697 539 755 meritum
562 696 683 767 Christi,
706 716 759 756 seu
781 701 913 776 gratuita
933 703 1021 763 mise·

47 798 172 868 cordia,
194 814 288 874 quam
309 795 408 864 corda,
427 796 543 880 Spiritu
563 800 667 855 sancto
688 815 820 868 aceensa,
837 797 897 858 fide
912 819 1021 880 appre-

35 886 207 957 ¹lacudunt.
253 894 369 959 Quodsi
395 895 460 970 quis
483 894 559 964 vult,
588 901 725 957 numeret
751 898 929 976 agnitionem
948 918 1020 980 pec·

51 998 115 1058 cati
145 1000 298 1071 tanquam
324 1011 444 1053 eausam
480 994 657 1064 secundam,
688 996 755 1065 sed,
787 1000 822 1055 ut
843 999 954 1058 eruditi
967 1001 1019 1061 'lo-

51 1100 206 1174 quuntur,
229 1112 352 1153 oausam
373 1094 436 1152 siue
458 1112 516 1168 qua
537 1112 611 1163 non,
633 1094 703 1169 quia
724 1094 771 1153 sic'
789 1104 835 1155 est
856 1116 961 1170 eausa,
983 1105 1019 1161 ut

52 1190 160 1257 ta'men
184 1197 252 1253 tota
282 1213 332 1252 res
360 1191 492 1270 pendeat
520 1213 555 1253 er
583 1193 786 1253 misericordia
805 1187 875 1266 Dei,
908 1216 962 1256 seu
983 1219 1027 1259 ex.

51 1296 275 1376 promissione,
297 1292 377 1368 quod
398 1292 511 1351 scilicet
532 1292 615 1352 Deus
637 1293 837 1372 promisit-se
857 1295 933 1356 velle
953 1299 1018 1359 illo-

22 1392 25 1399 '
52 1415 122 1457 rum
144 1393 303 1462 misereri,
326 1391 376 1467 qui
398 1390 562 1470 ognoseunt
591 1386 650 1451 sua'·
665 1399 799 1470 peccata,
820 1399 851 1454 et
868 1396 1018 1472 justitiam

54 1498 175 1557 sitiunt.
222 1490 340 1568 Alioqui
362 1492 387 1549 si
409 1490 446 1549 de
476 1496 584 1550 tratura
604 1493 721 1571 peccati
749 1491 895 1568 loquaris,
928 1499 1018 1559 etiam
1045 1502 1049 1509 ’

55 1595 214 1676 peccatori
230 1590 392 1660 sensitiva,
420 1593 455 1665 ut
476 1610 569 1668 supra
590 1591 819 1670 appellavimus,
841 1594 913 1652 nihil
934 1596 1017 1656 aliud
1037 1668 1043 1673 ,

57 1696 191 1765 &betur
221 1690 385 1752 secundum
414 1707 530 1748 onmem
562 1688 659 1767 legem
688 1694 718 1748 et
748 1695 899 1762 naturam,
927 1713 1017 1770 quam

57 1812 159 1874 poena
175 1798 224 1858 ,et
255 1790 417 1868 indignatio
446 1788 569 1848 summa.
613 1787 701 1853 Quod
726 1793 826 1848 autem
848 1791 924 1852 tales
946 1794 1017 1873 poe-

57 1914 125 1954 nam
158 1896 191 1952 et
220 1892 296 1949 iram
324 1878 483 1967 effugiunt}
513 1888 570 1948 hoc
600 1891 695 1946 totum
729 1892 776 1949 est
795 1892 1017 1965 misericordiae

57 1993 122 2064 lici,
145 1993 199 2068 qui
222 1982 366 2068 promisit,
387 2008 419 2048 se
440 2008 499 2058 eos,
522 1989 573 2063 qui
595 1982 728 2048 sentiunt
751 1995 876 2067 peccata
897 1997 927 2051 et
949 1995 1017 2053 hor-

59 2112 143 2153 rores
165 2090 275 2169 judicii
295 2088 393 2156 divini,
415 2087 496 2171 velle¹
508 2087 674 2147 refocillare
690 2091 820 2166 gratuito
837 2078 1023 2154 remittendo*

60 2196 231 2273 reeom-
450 2196 453 2203 ·

73 2324 77 2329 ·
142 2289 227 2350 Nihil
247 2291 412 2367 igiturest,
432 2289 512 2365 quod
533 2291 628 2368 possit
649 2309 766 2366 quoquo
791 2291 1015 2373 modolallegari
1080 2294 1085 2303 '

62 2412 116 2474 pro
132 2392 261 2460 merito,
291 2390 361 2464 quia
387 2408 443 2447 uec
463 2407 624 2466 agnoscere
645 2394 802 2467 peccatum
823 2390 936 2466 aliquid
958 2397 1014 2461 est,

61 2495 117 2554 nisi
138 2495 288 2569 quantum
308 2490 464 2568 promissio
486 2489 585 2545 divina
604 2488 684 2565 iacit.
725 2490 798 2547 Nam
820 2507 887 2548 cum
908 2508 1015 2567 pecca-
1080 2475 1083 2483 ¹

63 2602 126 2653 tum
143 2585 202 2670 per'
225 2591 370 2668 Spiritum
392 2592 527 2646 sanctum
559 2589 695 2666 arguitur
723 2592 765 2648 ac'
780 2589 945 2660 revelatur,
980 2596 1017 2651 ut

10 2668 12 2687 Ι
63 2692 161 2753 llarid
181 2708 242 2749 non
263 2688 440 2761 adulterium
463 2690 596 2758 tautum,
618 2688 680 2746 sed*
692 2681 901 2746 universaliter
921 2693 1017 2749 totam

64 2798 202 2852 naturam
223 2792 348 2868 peccato
381 2787 572 2865 deformatam
593 2788 714 2864 penitus
738 2788 833 2845 animo
853 2789 1015 2859 intueatur,
1066 2818 1071 2825 ·

64 2900 134 2952 tunc
156 2891 182 2950 si
204 2888 277 2947 nihil
299 2907 386 2964 quam
407 2892 509 2946 nostra
531 2887 693 2946 satisfactio
715 2885 915 2965 exspectanda
928 2893 1007 2945 esset

66 2992 285 3070 opprimeretur
305 2986 401 3045 David
422 2991 503 3045 metu
524 2985 629 3062 judicii
651 2985 723 3056 Dei,
745 2990 776 3044 et
797 2965 1015 3074 desperatione:
1085 3022 1088 3026 <

67 3093 143 3151 sicut
172 3091 279 3146 nostra
306 3086 486 3164 experientia
507 3078 598 3162 saepe
628 3085 725 3144 edocti
747 3103 857 3143 sumus.
901 3084 934 3143 ln
954 3104 1016 3144 mo·

68 3189 217 3249 nosteriis'
231 3187 474 3266 proponebantur
495 3185 711 3261 satisfactiones
733 3188 763 3242 et
784 3193 925 3243 accurata
945 3190 1026 3262 pe‘c·¹

69 3293 201 3349 cetorum
222 3285 374 3354 consessio,
396 3276 526 3343 sednon
548 3282 614 3341 ideo
636 3284 665 3339 in
687 3283 848 3362 tranquillo
867 3287 932 3342 erat
946 3301 1015 3342 cou-

69 3389 200 3448 scientia.
243 3370 434 3443 Suadebatur
455 3383 599 3453 cucullus,
632 3380 686 3467 sed
719 3381 808 3439 iidem
836 3385 867 3440 iu
897 3380 1015 3441 cucullo
1078 3414 1081 3426 ·

70 3488 218 3546 durabant
239 3484 328 3541 animi
350 3483 479 3554 dolores,
502 3501 577 3558 quos
599 3486 688 3540 autea
708 3481 936 3559 eramuspassi,
959 3497 1016 3536 nec

70 3586 209 3666 proderat
230 3583 336 3641 iterum
358 3583 486 3660 abjicere
508 3580 665 3641 cucullum.
688 3581 753 3640 Hoc
774 3586 872 3641 autem
902 3578 1016 3653 experi-

68 3704 139 3765 mur,
161 3684 218 3743 Dei
238 3681 435 3760 benignitate,
463 3680 737 3760 praesentissimum
767 3675 1026 3743 attentissimum

97 3800 187 3840 lutheri
203 3794 245 3847 op.
260 3800 340 3856 neget.
356 3795 402 3835 'Vol
420 3794 478 3835 ΧΙΧ,
606 3814 610 3819 ·
643 3796 652 3818 ⁸
766 3789 785 3847 4
