2190 4064
369 98 699 200 mmmcxxxn
755 87 760 115 ¹
951 68 1010 167 in

55 274 113 319 seu
146 253 258 337 templo
293 256 430 315 convenit
462 253 600 314 lacere.
633 255 761 314 Verbum
787 253 940 316 adorandi
955 254 1009 332 ¹²)
1039 248 1050 254 “

54 326 178 441 gestum
185 352 361 439 significat,
393 379 515 439 nempe,
549 361 628 432 sicut
648 361 710 419 fere
729 359 861 420 &lamus
883 368 1008 451 orantes,

55 468 210 528 incurvari
241 468 272 524 et
302 464 417 525 vultum
449 466 606 524 advertere
630 464 668 523 acl
691 464 840 524 domiuum
860 482 914 527 seu
936 472 1009 525 tem

41 565 169 679 plnum
196 569 286 649 Quod
301 568 422 627 latinus
428 569 544 640 iecit,
529 562 652 639 ‚mloco,
672 553 724 626 ubi
744 572 896 637 steterunt
916 571 1009 649 pedes

35 677 161 755 'ejusf‘
194 675 224 732 in
252 674 381 732 hebraeo
411 676 471 731 est.
523 670 722 733 Adorabimus
749 678 820 733 ante
846 675 1008 735 scabellum

55 779 171 859 pedum
193 777 275 855 ejus,
297 776 355 836 hoc
375 779 437 847 ost,
459 779 528 835 ante
548 759 821 857 propitiatorium,
824 798 878 839 seu
900 799 1007 850 aream,

55 882 225 943 ubiDeus
256 883 435 960 promiserat
467 897 499 940 sa
530 882 665 941 babitare
693 880 777 942 velle.
833 883 1009 959 Ubicunque

54 983 159 1048 autein
174 986 296 1045 verbum
309 990 363 1057 est,
386 987 426 1043 lbi
447 1003 518 1044 vera
539 990 585 1047 est
606 985 777 1057 scabellum,
797 986 1007 1059 habitaculum,
1085 988 1088 995 '

10 1090 158 1185 cubile
187 1095 217 1150 et
246 1077 353 1151 altari
370 1088 441 1161 Dei,
475 1092 552 1151 sicut
572 1091 738 1170 prophetae
758 1090 821 1151 iere
842 1091 1024 1174 significant

55 1214 116 1277 per
150 1196 289 1266 verbum,
322 1194 401 1271 quod
422 1172 504 1254 Deus
526 1195 566 1252 sit
585 1211 745 1273 praesens,
781 1197 859 1255 sicut
887 1203 1009 1258 econtra

56 1320 128 1361 cum
146 1303 272 1359 uerbum
302 1300 403 1369 abest,
436 1317 506 1357 acre
526 1296 609 1363 [leus
633 1300 733 1370 abest,
768 1303 798 1358 et
819 1319 921 1360 sumus
943 1298 1008 1364 tan·

56 1424 149 1481 quam
171 1423 239 1465 ovas
260 1405 290 1462 in
312 1399 430 1493 basceio
453 1405 516 1462 sine
535 1407 668 1482 pastore.

56 1578 132 1652 illll.
176 1591 532 1672 Surgedomincin
564 1594 737 1669 requiem
761 1597 878 1666 tuam,
909 1597 1007 1654 tuet
1038 1650 1040 1654 .

285 1715 378 1756 arca
399 1697 656 1757 fortitudinis
681 1702 784 1758 tuae.

22 1808 26 1813 ⁴
105 1822 199 1885 llic
223 1822 319 1883 denuo
342 1824 475 1903 appellat
494 1816 591 1884 locum
613 1826 695 1884 verbi
717 1825 848 1902 requiem
871 1826 1020 1897 divinam·

55 1931 114 1990 lmc
143 1933 206 2001 cat,
232 1915 475 2011 tabernaculum,
504 1929 714 1989 habitationem
745 1948 798 1989 seu
825 1933 1008 1990 mansionem

56 2032 129 2107 Dei,
160 2034 239 2092 sicut
261 2032 398 2093 Christus
426 2034 571 2110 loquitur:
614 2032 814 2106 „Mansiobem
836 2036 918 2115 apud
940 2055 1008 2099 eum

56 2138 229 2197 iaciemus.“
269 2136 327 2196 Est
347 2141 447 2197 aulem
466 2139 561 2198 oratio
583 2139 672 2211 haec,
705 2134 801 2216 quam'
815 2141 936 2219 subjicit
954 2160 1007 2205 au·

57 2245 234 2323 perioribus,
257 2230 341 2319 qnasi
365 2225 460 2302 dicat:
502 2242 664 2321 Templum
685 2245 873 2303 aedificatum
895 2230 954 2316 ιιι,
971 2265 1007 2305 ae

50 2350 137 2407 ‘nunc
159 2362 258 2407 arcam
281 2350 309 2405 in
332 2348 363 2405 id
386 2347 579 2407 collocamus:
614 2366 704 2426 surge
732 2349 884 2427 igiturest
909 2349 1006 2408 locum

57 2457 142 2513 tuum
165 2456 196 2511 et
217 2451 377 2527 collocare,
414 2456 449 2512 ut
468 2453 584 2511 habites
606 2453 766 2511 nobiscum.
816 2453 901 2514 llaec
930 2457 1007 2529 enim

23 2564 104 2649 ast
127 2557 247 2633 requies
269 2561 330 2629 tua,
351 2559 395 2618 vis
418 2559 495 2616 enim
516 2560 598 2616 certo
620 2554 683 2614 loco
705 2560 736 2615 et
757 2558 843 2618 modo
866 2560 930 2632 coli,
952 2580 1008 2622 nac

57 2664 111 2723 tibi
128 2662 251 2743 placent
272 2665 371 2722 variae
393 2663 554 2742 opiniones,
576 2664 607 2719 et
626 2653 725 2722 cultus
746 2665 819 2723 varii
842 2664 1006 2723 secundum
1031 2738 1033 2742 7

56 2767 241 2835 inventiones
254 2767 412 2835 hominum.
455 2767 499 2826 us
515 2765 634 2842 quidem
646 2766 728 2852 Dens
748 2767 821 2837 coeli
839 2772 869 2827 et
892 2769 1006 2833 coelum

57 2877 103 2933 est
131 2870 239 2933 solium
265 2878 365 2943 tuum,
397 2854 491 2932 sensa
512 2872 596 2930 nobis
618 2891 676 2933 non
698 2846 742 2933 sic
760 2873 805 2931 vis
825 2872 891 2932 coli.
940 2873 1007 2934 Hoc

56 2978 117 3051 vis5
138 2982 173 3037 ut
194 2995 389 3057 agnoscamus
410 2980 442 3035 te
465 2975 513 3034 bic
531 2975 680 3051 babitare,
714 2982 745 3038 et
762 2956 799 3036 ut
820 2977 849 3035 in
869 2977 927 3039 boc
947 2992 1006 3037 nno
1041 3019 1050 3035 .

10 3060 18 3071 ⁹
55 3082 121 3144 loco
143 3088 175 3144 te
197 3100 374 3160 quaeramus
397 3084 453 3141 etc.

138 3184 298 3264 Porro¹⁸)
322 3185 445 3245 stultum
476 3190 506 3245 et
533 3187 692 3248 ridiculum
734 3193 780 3248 ost
808 3188 837 3247 in
867 3188 1006 3249 cordibus

33 3294 225 3377 ¹sapientum
254 3292 418 3363 bominum,
450 3291 547 3352 ileum
575 3292 696 3372 ailigere
717 3284 786 3353 huic
812 3292 877 3353 loco
900 3299 929 3352 et
951 3311 1006 3352 ceu

54 3440 272 3463 fidu—dunh-

126 3519 178 3589 17)
197 3518 335 3575 Aderam
427 3519 479 3590 18)
499 3519 555 3574 Cur
569 3519 647 3574 Dens
668 3520 807 3637 delegabit
826 3521 880 3576 sibi
901 3526 1005 3575 certium

55 3611 158 3665 locum.

54 3710 261 3781 lambrionem
222 3729 440 3782 eangtloaxx
518 3780 530 3789 Ι.
802 3722 840 3780 16
