<?xml version="1.0" encoding="UTF-8"?>
<!DOCTYPE html PUBLIC "-//W3C//DTD XHTML 1.0 Transitional//EN"
    "http://www.w3.org/TR/xhtml1/DTD/xhtml1-transitional.dtd">
<html xmlns="http://www.w3.org/1999/xhtml" xml:lang="en" lang="en">
 <head>
  <title>
</title>
<meta http-equiv="Content-Type" content="text/html;charset=utf-8" />
  <meta name='ocr-system' content='tesseract 3.04.00' />
  <meta name='ocr-capabilities' content='ocr_page ocr_carea ocr_par ocr_line ocrx_word'/>
</head>
<body>
  <div class='ocr_page' id='page_1' title='image "./exegeticaoperal04luthgoog_0472.png"; bbox 0 0 2190 4064; ppageno 0'>
   <div class='ocr_carea' id='block_1_1' title="bbox 9 82 1070 3591">
    <p class='ocr_par' dir='ltr' id='par_1_1' title="bbox 26 82 1070 1082">
     <span class='ocr_line' id='line_1_1' title="bbox 43 82 1042 215; baseline -0.001 -33"><span class='ocrx_word' id='word_1_1' title='bbox 43 198 49 206; x_wconf 45' lang='lat'><strong>,</strong></span> <span class='ocrx_word' id='word_1_2' title='bbox 381 82 687 183; x_wconf 55' lang='lat' dir='ltr'><strong>rusiorcxxx.</strong></span> <span class='ocrx_word' id='word_1_3' title='bbox 714 184 720 205; x_wconf 35' lang='lat'>⁸</span> <span class='ocrx_word' id='word_1_4' title='bbox 792 102 796 109; x_wconf 53' lang='grc'><em>’</em></span> <span class='ocrx_word' id='word_1_5' title='bbox 908 162 910 169; x_wconf 87' lang='lat'><em>-</em></span> <span class='ocrx_word' id='word_1_6' title='bbox 948 108 1042 215; x_wconf 65' lang='lat' dir='ltr'><strong>m.</strong></span> 
     </span>
     <span class='ocr_line' id='line_1_2' title="bbox 57 254 1007 353; baseline -0.001 -19"><span class='ocrx_word' id='word_1_7' title='bbox 57 271 111 334; x_wconf 75' lang='lat' dir='ltr'><strong>lin</strong></span> <span class='ocrx_word' id='word_1_8' title='bbox 144 254 265 334; x_wconf 76' lang='lat' dir='ltr'><strong>debent.</strong></span> <span class='ocrx_word' id='word_1_9' title='bbox 323 269 485 350; x_wconf 80' lang='lat' dir='ltr'><strong>Destrueto</strong></span> <span class='ocrx_word' id='word_1_10' title='bbox 517 276 624 335; x_wconf 83' lang='lat' dir='ltr'><strong>sutem</strong></span> <span class='ocrx_word' id='word_1_11' title='bbox 648 270 760 353; x_wconf 81' lang='lat' dir='ltr'><strong>temple</strong></span> <span class='ocrx_word' id='word_1_12' title='bbox 789 254 860 344; x_wconf 74' lang='lat' dir='ltr'><strong>loe,</strong></span> <span class='ocrx_word' id='word_1_13' title='bbox 893 274 1007 353; x_wconf 81' lang='lat' dir='ltr'><strong>&#39;posuit</strong></span> 
     </span>
     <span class='ocr_line' id='line_1_3' title="bbox 58 376 1070 458; baseline -0.001 -21"><span class='ocrx_word' id='word_1_14' title='bbox 58 376 145 441; x_wconf 85' lang='lat' dir='ltr'><strong>Deus</strong></span> <span class='ocrx_word' id='word_1_15' title='bbox 165 377 246 437; x_wconf 86' lang='lat' dir='ltr'><strong>sliud</strong></span> <span class='ocrx_word' id='word_1_16' title='bbox 268 380 427 458; x_wconf 79' lang='lat' dir='ltr'><strong>templum,</strong></span> <span class='ocrx_word' id='word_1_17' title='bbox 449 378 535 455; x_wconf 71' lang='lat' dir='ltr'><strong>‚quod</strong></span> <span class='ocrx_word' id='word_1_18' title='bbox 556 382 604 439; x_wconf 81' lang='lat' dir='ltr'><strong>est</strong></span> <span class='ocrx_word' id='word_1_19' title='bbox 625 378 782 450; x_wconf 76' lang='lat' dir='ltr'><strong>christus,</strong></span> <span class='ocrx_word' id='word_1_20' title='bbox 809 377 842 435; x_wconf 86' lang='lat' dir='ltr'><strong>in</strong></span> <span class='ocrx_word' id='word_1_21' title='bbox 861 395 920 453; x_wconf 85' lang='lat' dir='ltr'><strong>qno</strong></span> <span class='ocrx_word' id='word_1_22' title='bbox 941 377 1007 436; x_wconf 78' lang='lat' dir='ltr'><strong>volt</strong></span> <span class='ocrx_word' id='word_1_23' title='bbox 1064 414 1070 421; x_wconf 86' lang='lat'><em>·</em></span> 
     </span>
     <span class='ocr_line' id='line_1_4' title="bbox 58 471 1007 563; baseline -0.002 -21"><span class='ocrx_word' id='word_1_24' title='bbox 58 473 183 559; x_wconf 76' lang='lat' dir='ltr'><strong>quaeri,</strong></span> <span class='ocrx_word' id='word_1_25' title='bbox 215 471 348 554; x_wconf 76' lang='lat' dir='ltr'><strong>adorari,</strong></span> <span class='ocrx_word' id='word_1_26' title='bbox 390 482 460 543; x_wconf 87' lang='lat' dir='ltr'><strong>coli:</strong></span> <span class='ocrx_word' id='word_1_27' title='bbox 495 488 579 544; x_wconf 79' lang='lat' dir='ltr'><strong>ostro</strong></span> <span class='ocrx_word' id='word_1_28' title='bbox 599 483 666 543; x_wconf 81' lang='lat' dir='ltr'><strong>&#39;loc</strong></span> <span class='ocrx_word' id='word_1_29' title='bbox 694 482 837 563; x_wconf 86' lang='lat' dir='ltr'><strong>templum</strong></span> <span class='ocrx_word' id='word_1_30' title='bbox 866 500 924 541; x_wconf 86' lang='lat' dir='ltr'><strong>non</strong></span> <span class='ocrx_word' id='word_1_31' title='bbox 959 478 1007 541; x_wconf 84' lang='lat' dir='ltr'><strong>ss&#39;t</strong></span> 
     </span>
     <span class='ocr_line' id='line_1_5' title="bbox 57 584 1007 666; baseline 0.002 -22"><span class='ocrx_word' id='word_1_32' title='bbox 57 584 229 661; x_wconf 62' lang='lat' dir='ltr'><strong>Deucsed</strong></span> <span class='ocrx_word' id='word_1_33' title='bbox 250 588 386 649; x_wconf 87' lang='lat' dir='ltr'><strong>disbolus</strong></span> <span class='ocrx_word' id='word_1_34' title='bbox 407 591 561 666; x_wconf 75' lang='lat' dir='ltr'><strong>quaeritur</strong></span> <span class='ocrx_word' id='word_1_35' title='bbox 581 606 618 647; x_wconf 83' lang='lat' dir='ltr'><strong>cc</strong></span> <span class='ocrx_word' id='word_1_36' title='bbox 638 589 796 659; x_wconf 82' lang='lat' dir='ltr'><strong>invenitur,</strong></span> <span class='ocrx_word' id='word_1_37' title='bbox 817 592 848 645; x_wconf 86' lang='lat' dir='ltr'><strong>et</strong></span> <span class='ocrx_word' id='word_1_38' title='bbox 857 588 944 645; x_wconf 80' lang='lat' dir='ltr'><strong>enimi</strong></span> <span class='ocrx_word' id='word_1_39' title='bbox 953 591 1007 646; x_wconf 84' lang='lat' dir='ltr'><strong>sut</strong></span> 
     </span>
     <span class='ocr_line' id='line_1_6' title="bbox 58 679 1005 770; baseline 0.001 -22"><span class='ocrx_word' id='word_1_40' title='bbox 58 690 90 748; x_wconf 91' lang='lat' dir='ltr'><strong>in</strong></span> <span class='ocrx_word' id='word_1_41' title='bbox 107 690 344 770; x_wconf 80' lang='lat' dir='ltr'><strong>desperetionem</strong></span> <span class='ocrx_word' id='word_1_42' title='bbox 360 679 504 766; x_wconf 74' lang='lat' dir='ltr'><strong>incidunt,</strong></span> <span class='ocrx_word' id='word_1_43' title='bbox 526 694 552 753; x_wconf 94' lang='lat' dir='ltr'><strong>si</strong></span> <span class='ocrx_word' id='word_1_44' title='bbox 573 691 698 751; x_wconf 84' lang='lat' dir='ltr'><strong>cocedst</strong></span> <span class='ocrx_word' id='word_1_45' title='bbox 718 691 899 751; x_wconf 80' lang='lat' dir='ltr'><strong>conscientie</strong></span> <span class='ocrx_word' id='word_1_46' title='bbox 919 691 1005 760; x_wconf 82' lang='lat' dir='ltr'><strong>mels,</strong></span> 
     </span>
     <span class='ocr_line' id='line_1_7' title="bbox 56 778 1062 887; baseline 0.001 -33"><span class='ocrx_word' id='word_1_47' title='bbox 56 800 114 854; x_wconf 81' lang='lat' dir='ltr'><strong>sut</strong></span> <span class='ocrx_word' id='word_1_48' title='bbox 133 796 164 854; x_wconf 89' lang='lat' dir='ltr'><strong>in</strong></span> <span class='ocrx_word' id='word_1_49' title='bbox 178 778 430 887; x_wconf 76' lang='lat' dir='ltr'><strong>praesumtionem</strong></span> <span class='ocrx_word' id='word_1_50' title='bbox 441 816 508 879; x_wconf 45' lang='lat' dir='ltr'><strong>(per</strong></span> <span class='ocrx_word' id='word_1_51' title='bbox 528 796 708 875; x_wconf 81' lang='lat' dir='ltr'><strong>hypocrisin.</strong></span> <span class='ocrx_word' id='word_1_52' title='bbox 729 797 808 856; x_wconf 84' lang='lat' dir='ltr'><strong>sicut</strong></span> <span class='ocrx_word' id='word_1_53' title='bbox 820 794 1003 866; x_wconf 70' lang='lat' dir='ltr'><strong>idololatrae,</strong></span> <span class='ocrx_word' id='word_1_54' title='bbox 1058 836 1062 844; x_wconf 77' lang='lat'><strong>,</strong></span> 
     </span>
     <span class='ocr_line' id='line_1_8' title="bbox 56 885 1004 983; baseline -0.002 -22"><span class='ocrx_word' id='word_1_55' title='bbox 56 900 182 972; x_wconf 74' lang='lat' dir='ltr'><strong>ludaei,</strong></span> <span class='ocrx_word' id='word_1_56' title='bbox 203 908 234 961; x_wconf 87' lang='lat' dir='ltr'><strong>et</strong></span> <span class='ocrx_word' id='word_1_57' title='bbox 255 903 350 962; x_wconf 84' lang='lat' dir='ltr'><strong>nostri</strong></span> <span class='ocrx_word' id='word_1_58' title='bbox 370 904 510 983; x_wconf 81' lang='lat' dir='ltr'><strong>pepistae</strong></span> <span class='ocrx_word' id='word_1_59' title='bbox 529 905 727 982; x_wconf 77' lang='lat' dir='ltr'><strong>praesumunt</strong></span> <span class='ocrx_word' id='word_1_60' title='bbox 743 885 871 960; x_wconf 73' lang='lat' dir='ltr'><strong>inultum</strong></span> <span class='ocrx_word' id='word_1_61' title='bbox 891 901 929 959; x_wconf 89' lang='lat' dir='ltr'><strong>de</strong></span> <span class='ocrx_word' id='word_1_62' title='bbox 949 918 1004 960; x_wconf 85' lang='lat' dir='ltr'><strong>sus</strong></span> 
     </span>
     <span class='ocr_line' id='line_1_9' title="bbox 26 986 912 1082; baseline 0.008 -20"><span class='ocrx_word' id='word_1_63' title='bbox 26 986 35 1009; x_wconf 59' lang='lat'>⁸</span> <span class='ocrx_word' id='word_1_64' title='bbox 55 1005 177 1082; x_wconf 78' lang='lat' dir='ltr'><strong>justitie</strong></span> <span class='ocrx_word' id='word_1_65' title='bbox 198 1006 305 1065; x_wconf 84' lang='lat' dir='ltr'><strong>ellici</strong></span> <span class='ocrx_word' id='word_1_66' title='bbox 327 1006 438 1066; x_wconf 76' lang='lat' dir='ltr'><strong>levore.</strong></span> <span class='ocrx_word' id='word_1_67' title='bbox 911 998 912 1003; x_wconf 29' lang='lat'>¹</span> 
     </span>
    </p>

    <p class='ocr_par' dir='ltr' id='par_1_2' title="bbox 9 1102 1063 3591">
     <span class='ocr_line' id='line_1_10' title="bbox 141 1102 1004 1190; baseline 0 -21"><span class='ocrx_word' id='word_1_68' title='bbox 141 1111 213 1171; x_wconf 84' lang='lat' dir='ltr'><strong>lluo</strong></span> <span class='ocrx_word' id='word_1_69' title='bbox 228 1113 381 1190; x_wconf 85' lang='lat' dir='ltr'><strong>pertinent</strong></span> <span class='ocrx_word' id='word_1_70' title='bbox 401 1111 476 1170; x_wconf 81' lang='lat' dir='ltr'><strong>haec</strong></span> <span class='ocrx_word' id='word_1_71' title='bbox 497 1116 528 1171; x_wconf 85' lang='lat' dir='ltr'><strong>ei</strong></span> <span class='ocrx_word' id='word_1_72' title='bbox 549 1102 659 1171; x_wconf 86' lang='lat' dir='ltr'><strong>similes</strong></span> <span class='ocrx_word' id='word_1_73' title='bbox 679 1108 862 1190; x_wconf 74' lang='lat' dir='ltr'><strong>psalmorum</strong></span> <span class='ocrx_word' id='word_1_74' title='bbox 883 1113 915 1169; x_wconf 87' lang='lat' dir='ltr'><strong>et</strong></span> <span class='ocrx_word' id='word_1_75' title='bbox 935 1128 1004 1190; x_wconf 92' lang='lat' dir='ltr'><strong>pro·</strong></span> 
     </span>
     <span class='ocr_line' id='line_1_11' title="bbox 56 1207 1002 1296; baseline -0.001 -21"><span class='ocrx_word' id='word_1_76' title='bbox 56 1214 218 1296; x_wconf 69' lang='lat' dir='ltr'><strong>puetarum</strong></span> <span class='ocrx_word' id='word_1_77' title='bbox 244 1207 427 1276; x_wconf 75' lang='lat' dir='ltr'><strong>sententiae:</strong></span> <span class='ocrx_word' id='word_1_78' title='bbox 468 1216 612 1288; x_wconf 86' lang='lat' dir='ltr'><strong>„Lorsrl,</strong></span> <span class='ocrx_word' id='word_1_79' title='bbox 642 1217 739 1292; x_wconf 87' lang='lat' dir='ltr'><strong>inquit</strong></span> <span class='ocrx_word' id='word_1_80' title='bbox 759 1214 870 1286; x_wconf 81' lang='lat' dir='ltr'><strong>lisrid,</strong></span> <span class='ocrx_word' id='word_1_81' title='bbox 901 1215 1002 1275; x_wconf 88' lang='lat' dir='ltr'><strong>oculos</strong></span> 
     </span>
     <span class='ocr_line' id='line_1_12' title="bbox 55 1318 1002 1401; baseline -0.004 -21"><span class='ocrx_word' id='word_1_82' title='bbox 55 1340 139 1381; x_wconf 89' lang='lat' dir='ltr'><strong>sneos</strong></span> <span class='ocrx_word' id='word_1_83' title='bbox 161 1321 201 1382; x_wconf 83' lang='lat' dir='ltr'><strong>ed</strong></span> <span class='ocrx_word' id='word_1_84' title='bbox 221 1327 366 1382; x_wconf 61' lang='lat' dir='ltr'><strong>monisse</strong></span> <span class='ocrx_word' id='word_1_85' title='bbox 407 1321 495 1380; x_wconf 87' lang='lat' dir='ltr'><strong>ltsm:</strong></span> <span class='ocrx_word' id='word_1_86' title='bbox 518 1321 701 1392; x_wconf 73' lang='lat' dir='ltr'>„Benedicat</span> <span class='ocrx_word' id='word_1_87' title='bbox 718 1318 840 1380; x_wconf 80' lang='lat' dir='ltr'><strong>leDeue</strong></span> <span class='ocrx_word' id='word_1_88' title='bbox 852 1338 888 1378; x_wconf 84' lang='lat' dir='ltr'><strong>ex</strong></span> <span class='ocrx_word' id='word_1_89' title='bbox 897 1319 1002 1401; x_wconf 57' lang='grc' dir='ltr'><strong>Ζίριν*</strong></span> 
     </span>
     <span class='ocr_line' id='line_1_13' title="bbox 56 1425 1003 1503; baseline -0.003 -18"><span class='ocrx_word' id='word_1_90' title='bbox 56 1425 107 1485; x_wconf 78' lang='lat' dir='ltr'><strong>Ad</strong></span> <span class='ocrx_word' id='word_1_91' title='bbox 127 1427 208 1486; x_wconf 86' lang='lat' dir='ltr'><strong>hunc</strong></span> <span class='ocrx_word' id='word_1_92' title='bbox 227 1425 346 1487; x_wconf 87' lang='lat' dir='ltr'><strong>modurn</strong></span> <span class='ocrx_word' id='word_1_93' title='bbox 368 1425 500 1502; x_wconf 77' lang='lat' dir='ltr'><strong>reliquae</strong></span> <span class='ocrx_word' id='word_1_94' title='bbox 521 1427 686 1486; x_wconf 82' lang='lat' dir='ltr'><strong>sententiae</strong></span> <span class='ocrx_word' id='word_1_95' title='bbox 711 1429 782 1484; x_wconf 86' lang='lat' dir='ltr'><strong>suni</strong></span> <span class='ocrx_word' id='word_1_96' title='bbox 802 1425 1003 1503; x_wconf 71' lang='lat' dir='ltr'><strong>accipiendae,</strong></span> 
     </span>
     <span class='ocr_line' id='line_1_14' title="bbox 56 1512 1003 1608; baseline 0 -20"><span class='ocrx_word' id='word_1_97' title='bbox 56 1531 87 1588; x_wconf 91' lang='lat' dir='ltr'><strong>in</strong></span> <span class='ocrx_word' id='word_1_98' title='bbox 110 1531 218 1606; x_wconf 84' lang='lat' dir='ltr'><strong>quibus</strong></span> <span class='ocrx_word' id='word_1_99' title='bbox 239 1550 296 1590; x_wconf 89' lang='lat' dir='ltr'><strong>nou</strong></span> <span class='ocrx_word' id='word_1_100' title='bbox 320 1529 441 1589; x_wconf 80' lang='lat' dir='ltr'><strong>additur</strong></span> <span class='ocrx_word' id='word_1_101' title='bbox 460 1532 619 1590; x_wconf 79' lang='lat' dir='ltr'><strong>manifeste</strong></span> <span class='ocrx_word' id='word_1_102' title='bbox 639 1531 696 1590; x_wconf 91' lang='lat' dir='ltr'><strong>loci</strong></span> <span class='ocrx_word' id='word_1_103' title='bbox 718 1512 773 1590; x_wconf 74' lang='lat' dir='ltr'><strong>seu</strong></span> <span class='ocrx_word' id='word_1_104' title='bbox 792 1528 896 1608; x_wconf 85' lang='lat' dir='ltr'><strong>templi</strong></span> <span class='ocrx_word' id='word_1_105' title='bbox 911 1524 1003 1608; x_wconf 73' lang='lat' dir='ltr'><strong>signi·</strong></span> 
     </span>
     <span class='ocr_line' id='line_1_15' title="bbox 55 1633 1027 1713; baseline -0.002 -19"><span class='ocrx_word' id='word_1_106' title='bbox 55 1633 171 1704; x_wconf 76' lang='lat' dir='ltr'><strong>ficatio,</strong></span> <span class='ocrx_word' id='word_1_107' title='bbox 194 1637 273 1695; x_wconf 82' lang='lat' dir='ltr'><strong>sicut</strong></span> <span class='ocrx_word' id='word_1_108' title='bbox 293 1636 349 1694; x_wconf 91' lang='lat' dir='ltr'><strong>hoc</strong></span> <span class='ocrx_word' id='word_1_109' title='bbox 369 1637 400 1693; x_wconf 89' lang='lat' dir='ltr'><strong>in</strong></span> <span class='ocrx_word' id='word_1_110' title='bbox 421 1634 501 1693; x_wconf 86' lang='lat' dir='ltr'><strong>loco:</strong></span> <span class='ocrx_word' id='word_1_111' title='bbox 533 1635 597 1708; x_wconf 89' lang='lat' dir='ltr'><strong>„De</strong></span> <span class='ocrx_word' id='word_1_112' title='bbox 619 1633 775 1713; x_wconf 79' lang='lat' dir='ltr'><strong>profundis</strong></span> <span class='ocrx_word' id='word_1_113' title='bbox 795 1633 889 1693; x_wconf 85' lang='lat' dir='ltr'><strong>clnmo</strong></span> <span class='ocrx_word' id='word_1_114' title='bbox 911 1633 950 1692; x_wconf 84' lang='lat' dir='ltr'><strong>sd</strong></span> <span class='ocrx_word' id='word_1_115' title='bbox 970 1638 1027 1692; x_wconf 83' lang='lat' dir='ltr'><strong>ts·</strong></span> 
     </span>
     <span class='ocr_line' id='line_1_16' title="bbox 56 1738 1003 1818; baseline 0.001 -22"><span class='ocrx_word' id='word_1_116' title='bbox 56 1738 203 1797; x_wconf 84' lang='lat' dir='ltr'><strong>domiue.“</strong></span> <span class='ocrx_word' id='word_1_117' title='bbox 245 1739 402 1800; x_wconf 87' lang='lat' dir='ltr'><strong>Dominum</strong></span> <span class='ocrx_word' id='word_1_118' title='bbox 434 1744 521 1799; x_wconf 81' lang='lat' dir='ltr'><strong>vocet</strong></span> <span class='ocrx_word' id='word_1_119' title='bbox 547 1757 606 1797; x_wconf 93' lang='lat' dir='ltr'><strong>non</strong></span> <span class='ocrx_word' id='word_1_120' title='bbox 635 1738 809 1818; x_wconf 86' lang='lat' dir='ltr'><strong>simpliciter</strong></span> <span class='ocrx_word' id='word_1_121' title='bbox 837 1743 1003 1797; x_wconf 74' lang='lat' dir='ltr'>creatorem</span> 
     </span>
     <span class='ocr_line' id='line_1_17' title="bbox 56 1829 1003 1924; baseline -0.003 -22"><span class='ocrx_word' id='word_1_122' title='bbox 56 1841 133 1902; x_wconf 89' lang='lat' dir='ltr'><strong>coeli</strong></span> <span class='ocrx_word' id='word_1_123' title='bbox 154 1849 185 1902; x_wconf 87' lang='lat' dir='ltr'><strong>et</strong></span> <span class='ocrx_word' id='word_1_124' title='bbox 205 1847 313 1916; x_wconf 80' lang='lat' dir='ltr'><strong>terroe,</strong></span> <span class='ocrx_word' id='word_1_125' title='bbox 335 1847 414 1904; x_wconf 84' lang='lat' dir='ltr'><strong>sicut</strong></span> <span class='ocrx_word' id='word_1_126' title='bbox 435 1847 522 1903; x_wconf 81' lang='lat' dir='ltr'><strong>etiem</strong></span> <span class='ocrx_word' id='word_1_127' title='bbox 530 1844 653 1903; x_wconf 78' lang='lat' dir='ltr'><strong>&#39;l&#39;urcse</strong></span> <span class='ocrx_word' id='word_1_128' title='bbox 674 1843 836 1924; x_wconf 77' lang='lat' dir='ltr'><strong>appellunt,</strong></span> <span class='ocrx_word' id='word_1_129' title='bbox 857 1842 910 1905; x_wconf 89' lang='lat' dir='ltr'><strong>sed</strong></span> <span class='ocrx_word' id='word_1_130' title='bbox 920 1829 1003 1914; x_wconf 78' lang='lat' dir='ltr'><strong>sum,</strong></span> 
     </span>
     <span class='ocr_line' id='line_1_18' title="bbox 56 1924 1003 2030; baseline 0.001 -25"><span class='ocrx_word' id='word_1_131' title='bbox 56 1948 109 2024; x_wconf 83' lang='lat' dir='ltr'><strong>qni</strong></span> <span class='ocrx_word' id='word_1_132' title='bbox 137 1924 258 2008; x_wconf 75' lang='lat' dir='ltr'><strong>&#39;nebien</strong></span> <span class='ocrx_word' id='word_1_133' title='bbox 286 1950 316 2006; x_wconf 91' lang='lat' dir='ltr'><strong>in</strong></span> <span class='ocrx_word' id='word_1_134' title='bbox 344 1948 436 2022; x_wconf 85' lang='lat' dir='ltr'><strong>Zion,</strong></span> <span class='ocrx_word' id='word_1_135' title='bbox 465 1949 552 2028; x_wconf 85' lang='lat' dir='ltr'><strong>cujus</strong></span> <span class='ocrx_word' id='word_1_136' title='bbox 579 1950 789 2030; x_wconf 72' lang='lat' dir='ltr'><strong>promissiones</strong></span> <span class='ocrx_word' id='word_1_137' title='bbox 820 1952 851 2008; x_wconf 91' lang='lat' dir='ltr'><strong>et</strong></span> <span class='ocrx_word' id='word_1_138' title='bbox 878 1948 1003 2007; x_wconf 81' lang='lat' dir='ltr'><strong>verbum</strong></span> 
     </span>
     <span class='ocr_line' id='line_1_19' title="bbox 55 2048 1012 2132; baseline -0.001 -21"><span class='ocrx_word' id='word_1_139' title='bbox 55 2052 216 2124; x_wconf 77' lang='lat' dir='ltr'><strong>hebebant,</strong></span> <span class='ocrx_word' id='word_1_140' title='bbox 237 2052 317 2129; x_wconf 90' lang='lat' dir='ltr'><strong>quod</strong></span> <span class='ocrx_word' id='word_1_141' title='bbox 338 2054 379 2112; x_wconf 90' lang='lat' dir='ltr'><strong>ibi</strong></span> <span class='ocrx_word' id='word_1_142' title='bbox 400 2054 536 2132; x_wconf 82' lang='lat' dir='ltr'><strong>sccipere</strong></span> <span class='ocrx_word' id='word_1_143' title='bbox 557 2058 635 2127; x_wconf 82' lang='lat' dir='ltr'><strong>rote,</strong></span> <span class='ocrx_word' id='word_1_144' title='bbox 656 2060 686 2116; x_wconf 89' lang='lat' dir='ltr'><strong>et</strong></span> <span class='ocrx_word' id='word_1_145' title='bbox 705 2054 810 2115; x_wconf 85' lang='lat' dir='ltr'><strong>sudire</strong></span> <span class='ocrx_word' id='word_1_146' title='bbox 825 2052 923 2113; x_wconf 82' lang='lat' dir='ltr'><strong>vellet.</strong></span> <span class='ocrx_word' id='word_1_147' title='bbox 956 2048 1012 2110; x_wconf 74' lang='lat' dir='ltr'><strong>ln·&#39;</strong></span> 
     </span>
     <span class='ocr_line' id='line_1_20' title="bbox 55 2156 1004 2237; baseline -0.001 -20"><span class='ocrx_word' id='word_1_148' title='bbox 55 2156 138 2217; x_wconf 88' lang='lat' dir='ltr'><strong>cedit</strong></span> <span class='ocrx_word' id='word_1_149' title='bbox 158 2157 253 2236; x_wconf 71' lang='lat' dir='ltr'><strong>igitur</strong></span> <span class='ocrx_word' id='word_1_150' title='bbox 273 2159 303 2216; x_wconf 93' lang='lat' dir='ltr'><strong>in</strong></span> <span class='ocrx_word' id='word_1_151' title='bbox 323 2157 484 2237; x_wconf 78' lang='lat' dir='ltr'><strong>purissime</strong></span> <span class='ocrx_word' id='word_1_152' title='bbox 504 2158 614 2220; x_wconf 80' lang='lat' dir='ltr'><strong>fiducie</strong></span> <span class='ocrx_word' id='word_1_153' title='bbox 634 2158 856 2233; x_wconf 74' lang='lat' dir='ltr'><strong>misericordiae</strong></span> <span class='ocrx_word' id='word_1_154' title='bbox 883 2162 914 2217; x_wconf 89' lang='lat' dir='ltr'><strong>et</strong></span> <span class='ocrx_word' id='word_1_155' title='bbox 934 2175 1004 2236; x_wconf 72' lang='lat' dir='ltr'><strong>grs-</strong></span> 
     </span>
     <span class='ocr_line' id='line_1_21' title="bbox 56 2260 1002 2333; baseline -0.001 -12"><span class='ocrx_word' id='word_1_156' title='bbox 56 2260 201 2333; x_wconf 81' lang='lat' dir='ltr'><strong>tichei,</strong></span> <span class='ocrx_word' id='word_1_157' title='bbox 223 2264 311 2321; x_wconf 81' lang='lat' dir='ltr'><strong>etism</strong></span> <span class='ocrx_word' id='word_1_158' title='bbox 333 2282 400 2325; x_wconf 87' lang='lat' dir='ltr'><strong>cum</strong></span> <span class='ocrx_word' id='word_1_159' title='bbox 416 2263 515 2323; x_wconf 79' lang='lat' dir='ltr'><strong>adhuc</strong></span> <span class='ocrx_word' id='word_1_160' title='bbox 527 2263 648 2324; x_wconf 89' lang='lat' dir='ltr'><strong>lloreret</strong></span> <span class='ocrx_word' id='word_1_161' title='bbox 668 2265 716 2323; x_wconf 87' lang='lat' dir='ltr'><strong>lex</strong></span> <span class='ocrx_word' id='word_1_162' title='bbox 726 2263 819 2332; x_wconf 89' lang='lat' dir='ltr'><strong>lllosi,</strong></span> <span class='ocrx_word' id='word_1_163' title='bbox 840 2261 895 2322; x_wconf 90' lang='lat' dir='ltr'><strong>sed</strong></span> <span class='ocrx_word' id='word_1_164' title='bbox 915 2262 1002 2321; x_wconf 88' lang='lat' dir='ltr'><strong>istius</strong></span> 
     </span>
     <span class='ocr_line' id='line_1_22' title="bbox 54 2366 1003 2446; baseline -0.004 -18"><span class='ocrx_word' id='word_1_165' title='bbox 54 2366 128 2440; x_wconf 86' lang='lat' dir='ltr'><strong>Ilei,</strong></span> <span class='ocrx_word' id='word_1_166' title='bbox 152 2367 253 2445; x_wconf 87' lang='lat' dir='ltr'><strong>quiin</strong></span> <span class='ocrx_word' id='word_1_167' title='bbox 275 2366 350 2426; x_wconf 85' lang='lat' dir='ltr'><strong>Zion</strong></span> <span class='ocrx_word' id='word_1_168' title='bbox 372 2376 434 2439; x_wconf 85' lang='lat' dir='ltr'><strong>cet,</strong></span> <span class='ocrx_word' id='word_1_169' title='bbox 455 2369 567 2446; x_wconf 78' lang='lat' dir='ltr'><strong>quiquo</strong></span> <span class='ocrx_word' id='word_1_170' title='bbox 588 2368 663 2427; x_wconf 83' lang='lat' dir='ltr'><strong>dixit</strong></span> <span class='ocrx_word' id='word_1_171' title='bbox 683 2367 722 2426; x_wconf 80' lang='lat' dir='ltr'><strong>ed</strong></span> <span class='ocrx_word' id='word_1_172' title='bbox 738 2368 897 2427; x_wconf 75' lang='lat' dir='ltr'><strong>Solonem:</strong></span> <span class='ocrx_word' id='word_1_173' title='bbox 927 2366 1003 2438; x_wconf 88' lang='lat' dir='ltr'><strong>„lni-</strong></span> 
     </span>
     <span class='ocr_line' id='line_1_23' title="bbox 54 2453 1003 2550; baseline -0.002 -18"><span class='ocrx_word' id='word_1_174' title='bbox 54 2453 183 2532; x_wconf 77' lang='lat' dir='ltr'><strong>nsicitics</strong></span> <span class='ocrx_word' id='word_1_175' title='bbox 211 2468 318 2550; x_wconf 81' lang='lat' dir='ltr'><strong>ponem</strong></span> <span class='ocrx_word' id='word_1_176' title='bbox 347 2474 426 2532; x_wconf 90' lang='lat' dir='ltr'><strong>inter</strong></span> <span class='ocrx_word' id='word_1_177' title='bbox 452 2476 484 2532; x_wconf 88' lang='lat' dir='ltr'><strong>te</strong></span> <span class='ocrx_word' id='word_1_178' title='bbox 512 2466 544 2532; x_wconf 78' lang='lat' dir='ltr'><strong>oi</strong></span> <span class='ocrx_word' id='word_1_179' title='bbox 575 2491 675 2532; x_wconf 88' lang='lat' dir='ltr'><strong>semen</strong></span> <span class='ocrx_word' id='word_1_180' title='bbox 695 2470 856 2531; x_wconf 83' lang='lat' dir='ltr'><strong>mulieris.“</strong></span> <span class='ocrx_word' id='word_1_181' title='bbox 897 2470 1003 2547; x_wconf 84' lang='lat' dir='ltr'><strong>Neque</strong></span> 
     </span>
     <span class='ocr_line' id='line_1_24' title="bbox 12 2558 1002 2664; baseline 0 -29"><span class='ocrx_word' id='word_1_182' title='bbox 12 2558 16 2567; x_wconf 49' lang='lat'>¹</span> <span class='ocrx_word' id='word_1_183' title='bbox 56 2576 136 2635; x_wconf 88' lang='lat' dir='ltr'><strong>enim</strong></span> <span class='ocrx_word' id='word_1_184' title='bbox 149 2575 232 2635; x_wconf 84' lang='lat' dir='ltr'><strong>Deus</strong></span> <span class='ocrx_word' id='word_1_185' title='bbox 253 2577 363 2636; x_wconf 67' lang='lat' dir='ltr'><strong>nocuis</strong></span> <span class='ocrx_word' id='word_1_186' title='bbox 385 2578 613 2656; x_wconf 75' lang='lat' dir='ltr'><strong>cogitationibus</strong></span> <span class='ocrx_word' id='word_1_187' title='bbox 634 2576 700 2638; x_wconf 85' lang='lat' dir='ltr'><strong>vult</strong></span> <span class='ocrx_word' id='word_1_188' title='bbox 720 2578 833 2664; x_wconf 71' lang='lat' dir='ltr'><strong>quoeri.</strong></span> <span class='ocrx_word' id='word_1_189' title='bbox 875 2576 908 2635; x_wconf 88' lang='lat' dir='ltr'><strong>Si</strong></span> <span class='ocrx_word' id='word_1_190' title='bbox 924 2576 1002 2635; x_wconf 89' lang='lat' dir='ltr'><strong>enim</strong></span> 
     </span>
     <span class='ocr_line' id='line_1_25' title="bbox 9 2678 1004 2763; baseline -0.001 -24"><span class='ocrx_word' id='word_1_191' title='bbox 9 2706 13 2713; x_wconf 95' lang='lat'>·</span> <span class='ocrx_word' id='word_1_192' title='bbox 55 2679 89 2740; x_wconf 91' lang='lat' dir='ltr'><strong>id</strong></span> <span class='ocrx_word' id='word_1_193' title='bbox 108 2698 265 2759; x_wconf 80' lang='lat' dir='ltr'><strong>possemus</strong></span> <span class='ocrx_word' id='word_1_194' title='bbox 286 2680 404 2754; x_wconf 81' lang='lat' dir='ltr'><strong>iecere,</strong></span> <span class='ocrx_word' id='word_1_195' title='bbox 432 2681 506 2758; x_wconf 88' lang='lat' dir='ltr'><strong>quid</strong></span> <span class='ocrx_word' id='word_1_196' title='bbox 534 2700 609 2763; x_wconf 87' lang='lat' dir='ltr'><strong>opus</strong></span> <span class='ocrx_word' id='word_1_197' title='bbox 631 2688 712 2743; x_wconf 87' lang='lat' dir='ltr'><strong>esset</strong></span> <span class='ocrx_word' id='word_1_198' title='bbox 732 2678 844 2742; x_wconf 81' lang='lat' dir='ltr'><strong>verboi</strong></span> <span class='ocrx_word' id='word_1_199' title='bbox 887 2680 950 2739; x_wconf 78' lang='lat' dir='ltr'><strong>Gur</strong></span> <span class='ocrx_word' id='word_1_200' title='bbox 970 2681 1004 2739; x_wconf 83' lang='lat' dir='ltr'><strong>in</strong></span> 
     </span>
     <span class='ocr_line' id='line_1_26' title="bbox 55 2783 1003 2867; baseline -0.001 -22"><span class='ocrx_word' id='word_1_201' title='bbox 55 2783 124 2864; x_wconf 72' lang='lat' dir='ltr'><strong>logo</strong></span> <span class='ocrx_word' id='word_1_202' title='bbox 143 2783 244 2857; x_wconf 83' lang='lat' dir='ltr'><strong>locus,</strong></span> <span class='ocrx_word' id='word_1_203' title='bbox 264 2787 295 2843; x_wconf 89' lang='lat' dir='ltr'><strong>in</strong></span> <span class='ocrx_word' id='word_1_204' title='bbox 316 2804 392 2846; x_wconf 84' lang='lat' dir='ltr'><strong>novo</strong></span> <span class='ocrx_word' id='word_1_205' title='bbox 412 2790 591 2848; x_wconf 80' lang='lat' dir='ltr'><strong>testamento</strong></span> <span class='ocrx_word' id='word_1_206' title='bbox 612 2805 742 2867; x_wconf 84' lang='lat' dir='ltr'><strong>persone</strong></span> <span class='ocrx_word' id='word_1_207' title='bbox 759 2786 896 2845; x_wconf 81' lang='lat' dir='ltr'><strong>Christus</strong></span> <span class='ocrx_word' id='word_1_208' title='bbox 917 2803 1003 2844; x_wconf 84' lang='lat' dir='ltr'><strong>rore·</strong></span> 
     </span>
     <span class='ocr_line' id='line_1_27' title="bbox 55 2878 1003 2969; baseline 0 -21"><span class='ocrx_word' id='word_1_209' title='bbox 55 2886 119 2948; x_wconf 74' lang='lat' dir='ltr'><strong>lete</strong></span> <span class='ocrx_word' id='word_1_210' title='bbox 139 2892 171 2947; x_wconf 78' lang='lat' dir='ltr'><strong>si</strong></span> <span class='ocrx_word' id='word_1_211' title='bbox 192 2887 348 2969; x_wconf 75' lang='lat' dir='ltr'><strong>designate</strong></span> <span class='ocrx_word' id='word_1_212' title='bbox 368 2891 469 2952; x_wconf 82' lang='lat' dir='ltr'><strong>ceseii</strong></span> <span class='ocrx_word' id='word_1_213' title='bbox 511 2890 602 2964; x_wconf 85' lang='lat' dir='ltr'><strong>Vide,</strong></span> <span class='ocrx_word' id='word_1_214' title='bbox 632 2892 703 2969; x_wconf 89' lang='lat' dir='ltr'><strong>quid</strong></span> <span class='ocrx_word' id='word_1_215' title='bbox 725 2878 842 2954; x_wconf 74' lang='lat' dir='ltr'><strong>occidet</strong></span> <span class='ocrx_word' id='word_1_216' title='bbox 862 2889 1003 2950; x_wconf 73' lang='lat' dir='ltr'><strong>advorss·</strong></span> 
     </span>
     <span class='ocr_line' id='line_1_28' title="bbox 26 2993 1003 3074; baseline 0.001 -20"><span class='ocrx_word' id='word_1_217' title='bbox 26 3022 29 3027; x_wconf 94' lang='lat'>·</span> <span class='ocrx_word' id='word_1_218' title='bbox 54 2993 108 3055; x_wconf 86' lang='lat' dir='ltr'><strong>rlis</strong></span> <span class='ocrx_word' id='word_1_219' title='bbox 122 2994 243 3064; x_wconf 82' lang='lat' dir='ltr'><strong>nostris,</strong></span> <span class='ocrx_word' id='word_1_220' title='bbox 264 2995 403 3072; x_wconf 83' lang='lat' dir='ltr'><strong>papistis.</strong></span> <span class='ocrx_word' id='word_1_221' title='bbox 443 2994 485 3055; x_wconf 87' lang='lat' dir='ltr'><strong>lli</strong></span> <span class='ocrx_word' id='word_1_222' title='bbox 506 2995 632 3056; x_wconf 85' lang='lat' dir='ltr'><strong>multum</strong></span> <span class='ocrx_word' id='word_1_223' title='bbox 656 2999 750 3069; x_wconf 83' lang='lat' dir='ltr'><strong>orent,</strong></span> <span class='ocrx_word' id='word_1_224' title='bbox 771 2996 901 3055; x_wconf 73' lang='lat' dir='ltr'><strong>recitant</strong></span> <span class='ocrx_word' id='word_1_225' title='bbox 921 2994 1003 3074; x_wconf 80' lang='lat' dir='ltr'><strong>psel-</strong></span> 
     </span>
     <span class='ocr_line' id='line_1_29' title="bbox 44 3094 1002 3178; baseline 0.002 -20"><span class='ocrx_word' id='word_1_226' title='bbox 44 3094 135 3171; x_wconf 67' lang='grc' dir='ltr'><strong>ω,</strong></span> <span class='ocrx_word' id='word_1_227' title='bbox 168 3097 287 3159; x_wconf 87' lang='lat' dir='ltr'><strong>dicunt:</strong></span> <span class='ocrx_word' id='word_1_228' title='bbox 330 3100 440 3170; x_wconf 80' lang='lat' dir='ltr'><strong>„Peter</strong></span> <span class='ocrx_word' id='word_1_229' title='bbox 460 3103 576 3173; x_wconf 89' lang='lat' dir='ltr'><strong>noster,</strong></span> <span class='ocrx_word' id='word_1_230' title='bbox 611 3102 661 3178; x_wconf 86' lang='lat' dir='ltr'><strong>qui</strong></span> <span class='ocrx_word' id='word_1_231' title='bbox 690 3119 723 3160; x_wconf 91' lang='lat' dir='ltr'><strong>es</strong></span> <span class='ocrx_word' id='word_1_232' title='bbox 751 3100 782 3158; x_wconf 92' lang='lat' dir='ltr'><strong>in</strong></span> <span class='ocrx_word' id='word_1_233' title='bbox 804 3100 1002 3171; x_wconf 67' lang='lat' dir='ltr'><strong>eoelrs‚etc.,“</strong></span> 
     </span>
     <span class='ocr_line' id='line_1_30' title="bbox 53 3182 1002 3283; baseline -0.001 -21"><span class='ocrx_word' id='word_1_234' title='bbox 53 3200 110 3262; x_wconf 88' lang='lat' dir='ltr'><strong>sed</strong></span> <span class='ocrx_word' id='word_1_235' title='bbox 131 3202 203 3279; x_wconf 84' lang='lat' dir='ltr'><strong>quio</strong></span> <span class='ocrx_word' id='word_1_236' title='bbox 222 3203 346 3263; x_wconf 74' lang='lat' dir='ltr'><strong>verbum</strong></span> <span class='ocrx_word' id='word_1_237' title='bbox 356 3203 468 3264; x_wconf 79' lang='lat' dir='ltr'><strong>Christi</strong></span> <span class='ocrx_word' id='word_1_238' title='bbox 490 3182 690 3278; x_wconf 76' lang='lat' dir='ltr'><strong>contemnunt,</strong></span> <span class='ocrx_word' id='word_1_239' title='bbox 711 3205 769 3273; x_wconf 87' lang='lat' dir='ltr'><strong>imo</strong></span> <span class='ocrx_word' id='word_1_240' title='bbox 791 3205 861 3280; x_wconf 82' lang='lat' dir='ltr'><strong>quic</strong></span> <span class='ocrx_word' id='word_1_241' title='bbox 882 3206 910 3262; x_wconf 84' lang='lat' dir='ltr'><strong>ri</strong></span> <span class='ocrx_word' id='word_1_242' title='bbox 932 3221 1002 3283; x_wconf 89' lang='lat' dir='ltr'><strong>per-</strong></span> 
     </span>
     <span class='ocr_line' id='line_1_31' title="bbox 54 3307 1063 3388; baseline -0.003 -22"><span class='ocrx_word' id='word_1_243' title='bbox 54 3312 224 3383; x_wconf 78' lang='lat' dir='ltr'><strong>sequuntur</strong></span> <span class='ocrx_word' id='word_1_244' title='bbox 246 3309 350 3379; x_wconf 83' lang='lat' dir='ltr'><strong>etism,</strong></span> <span class='ocrx_word' id='word_1_245' title='bbox 373 3309 440 3367; x_wconf 88' lang='lat' dir='ltr'><strong>ideo</strong></span> <span class='ocrx_word' id='word_1_246' title='bbox 461 3311 518 3369; x_wconf 87' lang='lat' dir='ltr'><strong>sub</strong></span> <span class='ocrx_word' id='word_1_247' title='bbox 539 3308 605 3368; x_wconf 88' lang='lat' dir='ltr'><strong>istis</strong></span> <span class='ocrx_word' id='word_1_248' title='bbox 617 3308 825 3388; x_wconf 86' lang='lat' dir='ltr'><strong>pulcherrimis</strong></span> <span class='ocrx_word' id='word_1_249' title='bbox 841 3307 1001 3379; x_wconf 73' lang='lat' dir='ltr'><strong>vocabulis,</strong></span> <span class='ocrx_word' id='word_1_250' title='bbox 1060 3359 1063 3363; x_wconf 84' lang='lat'>.</span> 
     </span>
     <span class='ocr_line' id='line_1_32' title="bbox 55 3412 1000 3493; baseline -0.003 -21"><span class='ocrx_word' id='word_1_251' title='bbox 55 3430 133 3489; x_wconf 85' lang='lat' dir='ltr'><strong>quse</strong></span> <span class='ocrx_word' id='word_1_252' title='bbox 155 3431 191 3472; x_wconf 88' lang='lat' dir='ltr'><strong>cx</strong></span> <span class='ocrx_word' id='word_1_253' title='bbox 210 3412 334 3493; x_wconf 82' lang='lat' dir='ltr'><strong>psalmis</strong></span> <span class='ocrx_word' id='word_1_254' title='bbox 346 3415 491 3486; x_wconf 84' lang='lat' dir='ltr'><strong>recitant,</strong></span> <span class='ocrx_word' id='word_1_255' title='bbox 513 3431 595 3472; x_wconf 82' lang='lat' dir='ltr'><strong>mers</strong></span> <span class='ocrx_word' id='word_1_256' title='bbox 616 3413 785 3473; x_wconf 79' lang='lat' dir='ltr'><strong>idololotria</strong></span> <span class='ocrx_word' id='word_1_257' title='bbox 804 3412 888 3472; x_wconf 78' lang='lat' dir='ltr'><strong>latet</strong></span> <span class='ocrx_word' id='word_1_258' title='bbox 919 3412 1000 3470; x_wconf 91' lang='lat' dir='ltr'><strong>ldem</strong></span> 
     </span>
     <span class='ocr_line' id='line_1_33' title="bbox 55 3515 1002 3591; baseline -0.004 -15"><span class='ocrx_word' id='word_1_259' title='bbox 55 3515 195 3591; x_wconf 71' lang='lat' dir='ltr'><strong>iudaeis,</strong></span> <span class='ocrx_word' id='word_1_260' title='bbox 218 3516 296 3580; x_wconf 90' lang='lat' dir='ltr'><strong>idem</strong></span> <span class='ocrx_word' id='word_1_261' title='bbox 311 3517 423 3578; x_wconf 83' lang='lat' dir='ltr'><strong>Turcis</strong></span> <span class='ocrx_word' id='word_1_262' title='bbox 446 3517 572 3590; x_wconf 83' lang='lat' dir='ltr'><strong>accidit,</strong></span> <span class='ocrx_word' id='word_1_263' title='bbox 593 3519 682 3576; x_wconf 79' lang='lat' dir='ltr'><strong>etiam</strong></span> <span class='ocrx_word' id='word_1_264' title='bbox 704 3522 785 3587; x_wconf 87' lang='lat' dir='ltr'><strong>tum,</strong></span> <span class='ocrx_word' id='word_1_265' title='bbox 806 3535 874 3576; x_wconf 88' lang='lat' dir='ltr'><strong>cum</strong></span> <span class='ocrx_word' id='word_1_266' title='bbox 897 3515 1002 3575; x_wconf 85' lang='lat' dir='ltr'><strong>dicunt</strong></span> 
     </span>
    </p>
   </div>
   <div class='ocr_carea' id='block_1_2' title="bbox 55 3620 958 3787">
    <p class='ocr_par' dir='ltr' id='par_1_3' title="bbox 55 3620 958 3787">
     <span class='ocr_line' id='line_1_34' title="bbox 55 3620 958 3689; baseline 0.002 -8"><span class='ocrx_word' id='word_1_267' title='bbox 55 3640 87 3681; x_wconf 88' lang='lat' dir='ltr'><strong>se</strong></span> <span class='ocrx_word' id='word_1_268' title='bbox 107 3622 235 3681; x_wconf 83' lang='lat' dir='ltr'><strong>sdorsre</strong></span> <span class='ocrx_word' id='word_1_269' title='bbox 258 3622 353 3681; x_wconf 86' lang='lat' dir='ltr'><strong>Deum</strong></span> <span class='ocrx_word' id='word_1_270' title='bbox 374 3625 486 3689; x_wconf 82' lang='lat' dir='ltr'><strong>vivum,</strong></span> <span class='ocrx_word' id='word_1_271' title='bbox 516 3627 680 3684; x_wconf 80' lang='lat' dir='ltr'><strong>creatorem</strong></span> <span class='ocrx_word' id='word_1_272' title='bbox 701 3621 776 3682; x_wconf 87' lang='lat' dir='ltr'><strong>coeli</strong></span> <span class='ocrx_word' id='word_1_273' title='bbox 798 3627 827 3682; x_wconf 94' lang='lat' dir='ltr'><strong>et</strong></span> <span class='ocrx_word' id='word_1_274' title='bbox 848 3620 958 3683; x_wconf 80' lang='lat' dir='ltr'><strong>terroe.</strong></span> 
     </span>
     <span class='ocr_line' id='line_1_35' title="bbox 697 3723 766 3787; baseline 0.014 -1"><span class='ocrx_word' id='word_1_275' title='bbox 697 3729 736 3787; x_wconf 82' lang='lat'><strong>12</strong></span> <span class='ocrx_word' id='word_1_276' title='bbox 748 3723 766 3762; x_wconf 77' lang='lat'><strong>‘²‘</strong></span> 
     </span>
    </p>
   </div>
   <div class='ocr_carea' id='block_1_3' title="bbox 0 0 1100 4064">
    <p class='ocr_par' dir='ltr' id='par_1_4' title="bbox 0 0 1100 4064">
     <span class='ocr_line' id='line_1_36' title="bbox 0 0 1100 4064; baseline 0 0"><span class='ocrx_word' id='word_1_277' title='bbox 0 0 1100 4064; x_wconf 95' lang='lat' dir='ltr'><strong> </strong></span> 
     </span>
    </p>
   </div>
  </div>
 </body>
</html>
