2190 4064
533 52 544 85 ¹
576 68 579 73 ,
763 50 766 59 .

75 118 116 193 tt
181 106 187 117 ’
256 185 337 229 ,¹¹
394 84 714 221 funeratio„
768 134 773 147 “

75 282 172 379 saun
198 278 380 351 moron,
412 279 491 340 arans
516 279 623 359 psam
646 269 715 342 ine
739 278 823 346 aaa
851 260 1018 359 'arandi

34 384 35 391 ’
74 386 152 446 enim
178 384 336 467 profitetur
356 402 389 442 se
409 386 592 464 baptizatum
612 402 694 457 esse,
715 390 747 446 et
768 387 885 445 censori
905 387 1016 477 npmine

44 568 49 589 ἱ
74 482 189 549 Christi
207 489 334 568 gaudet,
355 493 484 563 statum,
506 511 538 552 se
560 511 706 582 nonposse
727 490 879 550 meliorem
901 492 1015 552 canon

64 592 192 668 ¹domiuo
220 612 282 655 suo.
336 596 461 676 Oportet
497 598 576 657 enim
589 590 771 657 ‘conformes
797 595 863 654 fieri
900 586 1011 676 imagini

72 698 124 759 iiiii
144 698 209 759 Dei.
252 702 286 760 si
308 701 446 762 Christus
476 704 604 782 gestavit
626 704 759 783 spineam
780 719 940 777 coronam,
960 720 1010 762 non

13 884 18 895 ¹
74 822 229 884 speremus
248 806 392 879 futurum,
414 813 448 868 ut
469 814 570 869 nostro
593 810 684 888 capiti
705 813 787 870 serta
808 812 840 868 et
859 794 947 870 rosea
964 811 1009 868 irs·

73 915 232 989 ponantur.
274 912 333 974 Nos
355 915 478 992 quidem
509 916 679 992 quaerimus
699 932 805 994 pacem
826 918 859 974 et
880 916 1005 993 quietem,

72 1035 129 1076 uec
148 1016 240 1076 uitam
262 1017 366 1088 damus
388 1021 571 1080 occasionem
593 1019 712 1098 justam
735 1019 847 1079 mundo
861 1018 1004 1080 ‹saerie'mi

72 1122 104 1181 iu
131 1141 204 1195 uos,
232 1123 285 1183 sed
314 1126 445 1184 Satanae
472 1125 572 1185 odium
599 1125 656 1186 hoe
683 1124 769 1184 modo
790 1143 850 1185 uon
871 1124 1001 1206 paam,
1031 1182 1035 1191 Δ

72 1228 131 1288 scd·
146 1229 316 1291 incenditur
337 1231 442 1307 magis.
850 1301 857 1313 .

153 1333 259 1395 Videte
295 1336 387 1414 igitur
421 1353 501 1395 nunc
525 1334 732 1394 >miserabilem
769 1333 852 1394 iilam
893 1335 999 1395 iorman

66 1440 225 1517 ‚christiani
238 1436 308 1513 ¹⁰),
352 1441 403 1516 qui
431 1444 530 1519 tamen
558 1439 710 1498 redemtus
732 1443 788 1498 est.
830 1439 890 1500 Est
910 1439 999 1520 plenus

70 1547 219 1624 peccatis,
240 1546 500 1616 tristitia,'morte,
522 1545 588 1604 ideo
605 1546 764 1605 totussibi
784 1545 843 1624 ipsi
868 1545 999 1624 displicet·

69 1648 186 1710 Deinde
216 1654 263 1711 eat
290 1636 498 1711 eeu'Lazarus
527 1655 597 1709 aute
624 1651 704 1709 iores
733 1649 851 1721 divitis,
881 1655 927 1710 est
958 1663 1000 1709 ocu

31 1782 34 1791 ·
69 1754 149 1815 Hiob
170 1755 292 1816 infinitis
312 1754 453 1835 periculis
475 1760 506 1814 et
525 1755 610 1815 malis
628 1773 800 1834 oppressus.
841 1754 902 1815 Hic
915 1754 1000 1815 dicem

71 1860 148 1926 Quis
169 1861 261 1938 igitur
284 1863 369 1938 optet
388 1859 567 1919 christianus
589 1861 675 1920 esset
717 1860 798 1919 Audi
821 1861 923 1938 igitur,
944 1855 1001 1937 quii

69 1963 178 2024 Petrus
201 1964 307 2036 dieat,r
321 1969 348 2023 1.
365 1963 508 2024 Patron:
549 1965 698 2038 „Fratres‚
720 1985 759 2025 ne
781 1968 928 2027 miremini
956 1966 1003 2024 ier·

70 2086 173 2128 vorem·
193 2086 247 2153 seu
267 2068 476 2140 tentationem,
506 2088 583 2145 quae
611 2072 641 2128 in
662 2071 744 2131 robis
766 2071 818 2142 sit,
840 2068 879 2130 ad
901 2073 1003 2130 teutm-

71 2171 125 2251 ‹ios
146 2190 214 2243 ros,
243 2173 329 2248 quasi
350 2173 418 2231 novi
439 2172 552 2249 aliquid
571 2177 654 2234 robis
676 2179 844 2255 contingat,
875 2175 930 2234 sed
950 2177 1005 2235 tou·

70 2297 159 2355 quam
188 2279 438 2339 communicantes
461 2268 570 2342 Christi
599 2282 786 2359 passionibus
808 2281 954 2360 gaudete,
979 2280 1006 2338 ut

1 2399 3 2403 ’
70 2388 102 2444 et
128 2384 158 2443 in
187 2384 367 2446 revelatione
399 2386 511 2464 gloriae
532 2385 596 2462 ejus
621 2387 776 2464 gaudeatis
806 2387 1006 2448 exsultantes.“

68 2480 154 2550 Haec
181 2472 259 2550 euim
286 2497 333 2555 est
354 2491 481 2580 Christi,
510 2490 653 2551 ecclesiae
676 2497 706 2551 et
733 2476 862 2565 omnium
890 2493 1009 2552 fratrum

69 2595 185 2674 imago,
213 2603 248 2656 ut
274 2599 437 2676 patiantur.
480 2597 541 2675 Sed
572 2595 632 2654 noli
660 2596 699 2655 ad
719 2597 891 2675 passionem
913 2601 945 2657 et
964 2597 1010 2658 tri·

69 2700 236 2761 balationes
262 2706 379 2761 tantum
407 2706 573 2782 respicere,
614 2702 701 2760 etiam
741 2701 780 2759 ad
811 2701 944 2760 fructum
969 2720 1011 2760 ro·

7 2820 15 2865 ·.
70 2803 233 2883 ερίιοΠ),
255 2807 306 2881 qui
328 2807 413 2882 sequi
434 2807 518 2878 solet,
541 2806 621 2884 quod
642 2806 773 2878 scilicet,
794 2809 845 2883 qui
867 2808 899 2865 in
919 2808 1012 2883 lacry-

67 2912 124 2969 mis
145 2911 299 2982 seminaut,
320 2912 350 2969 in
365 2911 559 2970 exsultatione
572 2917 691 2970 metent.
732 2911 799 2972 Hac
814 2913 1013 2973 consolatione

69 3013 144 3090 quiri
161 3019 262 3092 potest
278 3017 398 3075 suavius
420 3015 507 3092 objici
529 3015 572 3087 iis,
601 3019 652 3093 qui
673 3035 792 3076 erucem
814 3017 927 3078 Christi
946 3037 1012 3098 por·

65 3121 135 3177 tant
161 3124 192 3177 et
221 3120 384 3179 secundum
412 3120 550 3197 spiritum
570 3140 589 3179 a
609 3121 818 3193 daemonibus,
850 3100 1013 3182 secundnn'

69 3240 178 3300 corpus
211 3229 343 3282 autema
362 3224 471 3284 mundo
493 3226 660 3283 vexanturi
703 3211 797 3285 Satan
820 3229 898 3286 enim
921 3246 1013 3308 oppa⁴

68 3331 142 3406 pnat
162 3324 259 3399 naen,
280 3333 311 3388 et
330 3328 403 3389 iacit
422 3348 476 3390 uos
497 3347 682 3390 murmurare
704 3336 806 3393 contra
828 3330 941 3406 Deum,
963 3337 1014 3393 aut

68 3428 190 3493 tristitia
210 3433 254 3491 ita
274 3434 432 3513 opprimit,
453 3439 488 3496 ut
510 3435 583 3511 quid
603 3455 742 3515 agamus,
765 3441 818 3497 aut
839 3438 891 3497 ubi
913 3440 1011 3510 simus,

138 3654 194 3729 lo)
206 3657 303 3730 Imago
324 3657 481 3751 christiani.
506 3702 522 3713 ..
554 3660 605 3733 1³)
626 3659 707 3729 Finis
726 3661 830 3718 crucis.
