2190 4064
282 340 292 347 .
403 206 633 312 'resinam
813 232 817 245 '
937 252 996 319 ιιι
1060 264 1063 269 ·

44 430 102 477 oon
114 412 170 469 vis
192 404 265 468 ltem
286 407 356 467 lisa.
374 412 399 466 1.
423 422 502 484 cap:
522 403 724 487 „Holocausta
739 405 864 468 arietum
877 375 917 464 'et
935 404 997 464 edi·

44 529 113 591 pem
141 506 357 589 pinguedinum
388 492 497 563 notaio?
545 505 625 587 item
644 504 759 584 psalmo
790 505 997 585 pmeqedentie
1059 546 1088 572 s,

46 612 130 682 „Non
159 611 190 667 in
223 605 373 666 sacrificiis
400 605 464 664 tuis
494 622 616 682 arguam
644 608 676 662 te
703 608 778 663 etc.“
818 603 999 682 Huiusmodi

47 711 205 769 conciones
225 710 289 766 sine
311 696 405 788 dubiq
420 722 440 762 a
460 703 663 762 sacerdotibus
674 694 817 778 tanquam
828 703 1005 781 ¹baereticae
1045 704 1054 715 “

48 809 222 877 damoetae,
244 809 274 864 et
294 786 351 884 ipsi
372 804 537 895 prophetae
557 794 682 883 propter
695 797 756 863 ‘eea
776 804 865 863 occisi
885 809 966 865 aunt.
1085 832 1086 835 ¹

132 904 195 964 Sed
216 905 304 962 etiem
326 895 425 963 causa
440 903 901 989 ostendenda2-·cur',aaaridaia,
923 892 1039 987 quas*

48 1023 184 1074 summus
205 1002 270 1062 Dei·
292 1002 391 1063 cultus
422 1001 453 1061 in'
481 1000 671 1080 leqe'erant,
697 1003 754 1062 boc
773 1004 860 1065 modo
881 1005 1002 1067 damna*

49 1108 122 1165 runt
142 1103 321 1183 propheten.
362 1087 488 1169 Videtur
509 1101 655 1160 cnimres
675 1101 857 1180 singularem
878 1103 1005 1164 difficul-

50 1207 146 1263 tatem
167 1202 293 1279 babere,
325 1200 405 1276 quod
434 1217 491 1279 per
518 1200 681 1286 prophetes
697 1201 897 1274 damnantur,
926 1222 1004 1280 quae
1082 1182 1085 1191 ¹

52 1304 165 1362 divine¹
183 1314 264 1360 voce
286 1300 378 1378 jussa·
403 1303 498 1362 erant.
541 1299 615 1358 -Sed
639 1300 812 1379 'hujusmodi
830 1324 832 1328 ⁴
849 1305 1004 1367 conciones
1034 1324 1038 1332 ·
1063 1354 1065 1361 ,

51 1401 269 1482 prophetarum
290 1418 348 1481 non
370 1417 404 1457 eo
418 1394 505 1456 modo
520 1399 712 1491 accipiendae
731 1406 810 1473 sunt,
833 1404 919 1478 quasi
937 1405 1006 1462 stm-

51 1502 203 1586 pliciter
194 1494 372 1559 damnentur
392 1516 479 1557 sacra
499 1502 530 1557 et
551 1501 741 1571 ceremoniae,
761 1519 828 1559 nem
840 1504 1007 1583 prophetae

54 1600 262 1683 opinionem
256 1599 380 1658 maxime
415 1597 595 1676 respiciunt,
630 1617 697 1658 cum
731 1618 790 1674 qua
815 1604 1006 1664 ceremoniae

53 1700 124 1760 illoc
145 1699 216 1769 eb
207 1699 312 1778 impiis
328 1687 446 1757 fiebant.
489 1692 592 1772 Neque
614 1699 690 1756 enim
711 1697 777 1758 finis
795 1700 1009 1763 sacrificiorum

54 1819 111 1861 seu
131 1797 269 1859 cultuum
299 1797 440 1875 legalium
471 1801 544 1864 erat,
570 1799 606 1855 ut
626 1814 681 1874 per
702 1816 751 1856 eos
769 1797 1010 1875 justificarentur

56 1905 87 1963 et
106 1898 265 1978 placerent
285 1896 358 1973 Deo.
399 1896 534 1956 Hicfinia'
554 1914 572 1954 a
592 1901 716 1974 peccato
732 1896 817 1959 Adae
838 1905 1009 1962 reservatur

58 2005 104 2060 est
118 2000 171 2060 uni
185 1997 328 2059 sucrificio
337 1997 456 2068 Christi,
467 1996 554 2073 cujus
569 2012 624 2055 ceu
636 1998 742 2056 umbra
757 2002 843 2058 erant
864 2000 1010 2065 sacrificia

56 2100 144 2179 lepis.
174 2099 261 2157 ⁸Nam
280 2098 489 2176 praeterquam
509 2096 586 2172 quod
600 2095 682 2156 Deus
709 2097 802 2158 voluit
821 2095 1011 2169 bisceaacriss

57 2174 195 2261 beorum
224 2196 354 2256 cultibus
387 2195 514 2255 discerni
547 2208 633 2255 suum
662 2197 808 2290 populum
838 2200 1010 2278 a-reliqui'a

61 2300 216 2381 pentibus,
248 2300 279 2356 et
299 2295 494 2357 obedientiam
510 2296 635 2366 testari,
662 2285 751 2361 etiem
771 2298 905 2373 symbola
924 2303 1012 2360 erant

61 2398 209 2460 sacrificia
236 2396 331 2456 futuri
353 2394 489 2454 sacrificii
510 2394 639 2464 Christi,
646 2388 773 2472 quibua
801 2397 1012 2478 admoneretur·

61 2497 194 2580 populus
215 2497 333 2555 futurae
354 2475 595 2576 redemtionis.
1003 2512 1007 2519 ·

144 2598 215 2658 Jam
240 2595 381 2654 maxime
392 2612 477 2673 pars
496 2593 680 2652 Judaeorum
706 2595 751 2654 sic
781 2556 1014 2676 depravandam

63 2717 115 2760 eos
136 2695 344 2757 sacerdotibus
367 2679 512 2752 sacrificia
533 2710 599 2752 anm
608 2693 677 2752 hnc
698 2695 836 2774 opinione
843 2686 1014 2771 iaciebant

64 2803 109 2861 ut.
132 2782 190 2878 per
217 2808 254 2854 ea
281 2795 542 2869 consequerentur
564 2793 782 2855 remissionem
811 2797 1013 2875 pcccatorum.

65 2898 134 2957 lloc
164 2900 264 2957 autem
303 2898 368 2953 eret
400 2892 573 2970 sanquinem
605 2895 685 2953 tauri
722 2914 860 2972 sequere·
878 2898 1016 2976 sanguim·

67 2996 197 3067 coristi,
225 2998 267 3063 ct
282 2996 405 3053 brutum
437 2990 613 3052 sacrificium
644 3012 775 3070 aequare
795 2995 946 3056 sacrificio
964 2992 1017 3056 fibi

67 3095 142 3164 Dei„
177 3072 306 3173 Propter
326 3093 403 3154 benc
424 3093 621 3171 impietatem·
636 3111 726 3170 quem
746 3095 853 3174 impiae
865 3096 1017 3176 opiniones
1041 3096 1045 3103 ’

69 3195 107 3255 de
138 3193 292 3255 sacrificiis
325 3192 474 3271 leqplibue
504 3192 737 3264 confirmaberis
763 3195 929 3275 prophetae
954 3198 1018 3255 mm
1059 3244 1062 3249 .

68 3284 203 3376 praviter
221 3291 325 3353 contra
345 3291 490 3365 sacrificia
506 3293 674 3352 concionati
694 3297 773 3364 sunt,
794 3313 853 3355 non
877 3294 957 3372 quod
980 3293 1020 3354 ad

69 3389 242 3465 formalem,
258 3392 317 3452 'sed
336 3391 417 3470 quod
438 3391 478 3450 ad
495 3391 622 3451 finalem*
637 3410 758 3453 causam
772 3395 934 3457 attinebat.-
954 3395 1021 3453 Fie-

69 3496 145 3555 bant
173 3494 251 3552 enim
280 3509 367 3552 sacra
396 3491 573 3570 plerumque
603 3493 633 3550 in
664 3491 728 3552 loco
750 3492 851 3576 alteo
872 3494 1021 3554 destinato

71 3598 103 3654 et
119 3595 207 3673 juxta
226 3595 420 3672 praeceptum
444 3590 516 3663 Dei,
545 3592 587 3649 ita
605 3593 640 3650 ut
660 3591 733 3651 nibil
753 3589 938 3672 reprebendi·
951 3610 1022 3672 poa·

72 3698 128 3765 aet,
150 3684 230 3770 qnod
249 3692 289 3752 ed
310 3691 434 3752 formam
453 3690 632 3773 pertinebat,
654 3690 710 3754 sed
728 3690 831 3755 boabo
850 3691 951 3754 causa
966 3696 1042 3754 eim
1071 3712 1075 3717 ·
