2204 4058
376 230 416 291 in
433 229 572 293 Psaim.
595 230 707 291 Grad
962 238 1024 301 m

60 420 63 425 ·
161 383 223 445 sed
243 382 462 445 adscendamus
482 383 523 445 od
543 385 665 463 majora
709 335 815 449 (dualis
836 403 910 446 nans·
925 382 1028 450 futura

57 491 162 543 osset
179 484 248 555 vita,
269 482 296 542 si
315 501 423 543 uxores
443 488 565 544 nostrae
585 502 644 544 non
665 489 757 555 tutuo,
780 503 840 544 non
855 487 929 546 serti
943 485 1028 547 tiberi

34 587 193 655 -assent,
221 583 247 641 si
274 583 462 661 magistratui
489 583 594 643 liceret
620 582 782 642 resisteret
811 602 850 643 an
879 603 939 644 non
966 589 1028 647 vita

31 715 36 721 -
60 672 155 741 duee
174 683 255 744 esset
275 686 440 761 perpetuus
460 682 611 741 internusi
642 668 731 746 duod
757 683 850 761 igitur
877 685 1027 770 conjugia,

63 781 160 849 quod
174 779 364 863 respublicae
385 786 416 843 et
435 781 517 863 leges
545 784 630 851 sunt,
657 780 689 837 in
717 782 825 858 quibus
852 786 919 844 tuto
946 789 1029 845 tran·

64 871 338 961 ouilnm'agrmus
358 881 463 951 ritum,
484 880 559 940 heee
581 880 677 940 omnio
696 884 767 938 sunt
781 880 924 942 beneficia
944 886 1028 944 verbi

64 968 151 1053 liei,
178 980 260 1059 quod
287 982 318 1040 in
345 978 478 1040 secunda
505 978 609 1039 tabula
633 981 820 1058 propositum
847 985 902 1041 est
946 983 1028 1047 (inid

10 1143 13 1156 Ι
65 1080 177 1139 auten
199 1084 294 1152 esset,
326 1080 353 1139 si
380 1079 477 1157 prima
495 1077 600 1138 tabula
616 1096 673 1136 non
696 1082 791 1151 esset,
820 1082 925 1140 sinon
947 1087 1027 1145 esset

10 1167 23 1270 :5
65 1174 332 1253 sabbatum,'nou
353 1177 494 1247 ecelesia,
515 1195 574 1237 non
595 1177 687 1248 loeus,
707 1178 760 1237 ubi
782 1178 941 1241 doceretur
961 1200 1028 1243 rer-

10 1275 39 1366 ξ-
65 1264 167 1351 itum,
196 1282 225 1341 si·
249 1298 309 1339 non
329 1275 411 1337 esset
429 1278 535 1337 notitia
555 1276 625 1348 Dei,
654 1278 679 1335 si
702 1296 761 1338 non
781 1279 944 1353 invocatio,
972 1281 1027 1343 sed

12 1367 15 1374 '
65 1367 188 1455 tinguli
223 1378 369 1439 haberent
403 1395 489 1437 suum
516 1376 628 1436 idolum
656 1393 711 1438 seu
738 1374 901 1451 diabolum,
938 1400 1027 1458 quern

66 1466 259 1539 ttlorarenti
286 1476 371 1537 Haeo
391 1481 463 1538 sunt
486 1475 599 1535 infinito
619 1476 733 1553 majora
752 1476 831 1537 mala
859 1498 947 1556 quam
974 1479 1028 1539 iila

23 1620 28 1629 .
65 1577 229 1637 secundae
257 1576 392 1649 tabulae,
426 1575 487 1636 sed·
508 1576 605 1635 minus
632 1578 828 1654 reputantur,
858 1579 928 1653 quie
955 1583 1028 1639 sunt

10 1733 13 1742 ,
66 1670 258 1743 ¹Pirituaiin:
311 1677 427 1743 Quodsi
462 1674 637 1734 haberemus
671 1670 772 1734 oeulos¹
808 1676 964 1758 spiritus„
994 1682 1027 1738 et

22 1781 27 1792 '
65 1762 261 1849 fideremus,
288 1780 433 1853 quantum
453 1773 584 1850 quotidie
606 1773 767 1832 animarum
789 1792 845 1853 per
865 1793 974 1854 papam
995 1781 1028 1837 et

10 1903 13 1910 ·
65 1858 269 1947 ”inhonesten-
287 1876 441 1957 perdatur,
462 1891 517 1953 pro
532 1874 640 1948 quibus
659 1877 758 1931 tamen
772 1874 884 1934 Christi
904 1878 1026 1955 sanguis

64 1956 165 2037 ‘Rus
185 1980 253 2056 lest,
289 1976 378 2055 longe
403 1974 523 2054 gratim
551 1970 733 2043 doleremus,
770 1991 859 2050 quam
893 1975 919 2033 si
948 1977 1027 2035 omni

63 2054 154 2145 'Dra
172 2078 326 2147 bonorum,
345 2076 403 2135 imo
425 2076 514 2133 otiam
527 2072 605 2131 vitae
617 2076 746 2160 nostrae,
757 2072 893 2153 pericula
907 2092 1028 2155 exspoc-

61 2156 171 2256 ¹⁸¹1dr
189 2181 222 2236 et
240 2173 397 2255 subeunda
417 2176 525 2232 essent.

160 2274 311 2338 Debemus
340 2274 435 2353 igitur
462 2270 567 2332 laetari
595 2272 724 2349 primum
756 2271 793 2331 de
828 2272 886 2332 illis
914 2275 1026 2353 exiguis

58 2348 185 2449 liouis,
219 2394 297 2452 quae
324 2392 380 2453 per
413 2372 574 2432 secundam
602 2370 733 2429 tabulam
761 2372 919 2443 habemus,
948 2368 1029 2448 quod

55 2465 180 2535 ”unet
198 2474 295 2543 tutela
317 2491 417 2532 rerum
445 2475 475 2530 et
503 2465 668 2549 corporum.
711 2472 790 2531 Sunt
817 2470 906 2533 enim¹
924 2472 1030 2549 exigua

55 2545 168 2647 ιιιὶῑιι,
187 2575 214 2635 si
232 2590 387 2654 compares
409 2590 474 2631 oum
496 2570 554 2629 iliis
574 2569 688 2647 primae
702 2570 829 2642 tabulae,
851 2570 932 2648 quod
945 2569 1028 2632 Deus

53 2663 96 2711 ’Β
133 2659 263 2746 mvelut,
291 2672 365 2749 quid
385 2671 423 2731 de
443 2670 527 2729 nobis
547 2668 682 2727 fauturus
706 2670 759 2741 sit,
788 2670 869 2746 quod
890 2669 943 2729 dat
963 2688 1030 2730 ver-

54 2744 169 2844 1ηῑιιι,
196 2772 289 2833 donat
313 2771 402 2830 fidem
430 2773 461 2829 et
489 2768 651 2847 Spiritum,
679 2769 764 2827 audit
787 2772 949 2841 orationes,
973 2788 1030 2849 per

51 2858 204 2933 'fluum
226 2871 358 2949 quotidie
372 2869 528 2933 eeclesiam
547 2874 638 2957 auget
654 2873 710 2928 eto.
751 2867 836 2928 Haeo
851 2872 1028 2942 tentarunt,

52 2950 101 3009 ἢ
140 2970 219 3032 nulla
237 2970 340 3049 lingua
359 2971 476 3049 possint
495 2986 551 3048 pro
572 2969 676 3027 merito
699 2967 872 3047 amplificari
892 2972 922 3028 et
944 2988 1030 3029 orna·

53 3042 84 3103 ’ἶ
99 3098 115 3125 .
156 3069 235 3147 quod
260 3070 377 3129 animae
404 3068 609 3127 liberantura
636 3068 795 3144 tyrannide
824 3069 970 3140 Satanae,
999 3073 1030 3128 et

53 3156 219 3229 'eunoun
238 3187 297 3249 pax
319 3168 426 3239 eordis,
447 3168 524 3226 bona
539 3168 727 3237 conscientia,
748 3185 825 3246 pura
838 3167 895 3227 Dei
911 3170 1030 3247 agnitio,

30 3252 78 3327 ,Ρ
83 3268 143 3325 01·
161 3287 249 3345 quam
270 3268 373 3348 plures
402 3267 579 3326 erudiuntur
609 3267 765 3348 advitam
796 3272 954 3327 aeternam.
998 3269 1032 3327 in

52 3332 158 3450 Paeo
189 3368 288 3429 David
319 3367 440 3444 conjicit
467 3365 584 3436 oculos,
624 3366 700 3424 heco
727 3385 828 3425 secum
862 3367 1031 3447 perpendit,

52 3438 185 3543 '‘Qque
206 3472 342 3529 movetur
363 3466 401 3525 ed
422 3468 586 3546 gratiarum
608 3466 769 3537 actionem,
798 3485 886 3543 quam
907 3466 1032 3525 effeetus

100 3567 215 3627 atinae
238 3569 264 3627 ei
285 3567 431 3647 exprimit.
472 3565 548 3627 Nam
568 3563 611 3623 iili
632 3563 749 3624 demum
770 3584 839 3624 rore
858 3568 929 3624 sunt
944 3565 1031 3642 grati,

51 3648 139 3723 ‘uli
158 3666 367 3729 exosculantur
388 3666 466 3726 dona
491 3663 565 3737 Dei,
596 3668 627 3725 et
653 3664 806 3726 laetantur
834 3667 867 3726 in
894 3664 1040 3724 donnum.

84 3762 198 3831 ¹-utisori
210 3788 250 3843 Op.
265 3791 349 3840 neget.
371 3786 419 3832 Vei,
432 3785 496 3831 XIX.
615 3842 618 3847 Ι
792 3771 832 3833 15
