2190 4064
102 267 143 330 3'4
448 260 669 323 Enarictio-
743 332 755 342 .
810 328 813 337 ,

102 394 353 479 nriserieordiaml
397 410 623 486 Monechorum,
639 491 641 497 Ι
655 434 712 475 non
735 412 857 475 Doridis
889 420 961 477 sunt
988 419 1085 494 ista„

66 591 72 596 J
101 520 216 598 jactare
237 517 375 577 meritum
397 514 514 585 etalio,
537 512 615 575 sicut
631 516 674 594 *de
696 516 852 593 eujusdam
864 519 945 596 regis
962 518 1058 581 fratre

103 622 253 688 narratur,
275 616 376 692 quiin
398 618 527 672 extremo
548 614 626 672 vilae
649 615 773 675 articulo
796 615 868 674 dixit
880 616 922 675 'ad
942 615 1058 679 Douma

49 703 52 707 ⁵
104 704 303 786 servemini,
336 713 416 790 quod
436 714 613 793 promisisti,
647 715 717 790 quio
733 714 853 773 reddidi
874 716 944 789 tibi,
975 706 1059 796 quod

99 818 228 897 jussisti
267 813 356 873 Hanc
386 833 500 873 rocemv
523 813 613 872 nolim
641 825 737 872 meam
771 832 836 873 esse
866 816 898 873 in
928 816 1058 879 articulo

95 919 215 991 ,mortis
257 914 415 974 Diversum
438 915 515 994 enirn
537 911 693 1005 dieendpm
726 917 785 973 est:
827 910 889 986 „Ne
909 915 1004 977 intret
1025 918 1085 977 ιιι·

101 1017 248 1096 judicium
265 1014 387 1073 ‘domine
400 1010 474 1072 'cnm
498 1032 583 1072 servo
603 1017 684 1072 tuo.“
719 1014 808 1072 ltem:
836 1012 928 1085 „liele
949 1018 1058 1105 iniqui-
1081 1022 1084 1027 '

104 1122 197 1177 tatem
217 1108 340 1174 meamfl
382 1112 471 1189 Quod
493 1113 569 1171 enim
598 1128 758 1191 possumus
776 1114 893 1191 jactare
915 1118 1055 1177 meritum

15 1217 20 1225 “
103 1217 193 1295 hujus
213 1192 361 1284 levissimi,
382 1216 417 1271 ut
438 1212 569 1281 ridetur,
603 1211 744 1284 beneficii,
766 1208 846 1291 quod
868 1213 987 1277 oculum
1008 1236 1058 1277 sa·
1078 1286 1084 1293 ,

102 1325 173 1375 num
195 1314 323 1374 serravit
345 1311 450 1371 Densi
473 1310 569 1371 David
590 1317 670 1372 tacet
687 1313 834 1391 justitiam
858 1328 892 1373 sc
915 1308 1055 1377 meritum
1085 1310 1091 1319 ’

35 1482 44 1497 ,
103 1434 204 1486 snum,
227 1419 257 1474 et
278 1413 342 1472 vult
361 1412 525 1473 secundum
544 1431 681 1491 magnam
704 1414 935 1489 misericordiam
957 1407 1071 1475 Deum

100 1519 199 1595 agere
240 1512 308 1572 lloc
326 1512 421 1572 -modo
442 1531 502 1571 non
522 1511 618 1572 solum
645 1513 813 1591 exjustitia
833 1515 971 1592 propria,
998 1514 1055 1575 sed

98 1616 189 1677 etlam
212 1632 246 1672 ex
268 1615 312 1672 ira
332 1612 389 1672 Dei
411 1632 443 1672 se
472 1606 600 1683 evolvit,¹
638 1632 736 1689 neque
765 1608 820 1672 sibi
842 1612 923 1672 aliud
945 1617 1057 1695 propo-¹
1083 1634 1090 1641 ·

101 1716 144 1774 nit
166 1718 327 1803 spectrum,
350 1732 438 1789 quam
459 1704 559 1771 Deum
576 1713 803 1784 misericordem,
825 1704 1007 1791 gaudentem
1022 1718 1053 1775 et

99 1815 255 1874 ridentem.
299 1813 413 1885 Statuit
433 1813 511 1870 enim
532 1810 630 1870 Deum
649 1812 759 1881 habere
780 1830 917 1891 magnam
936 1814 1053 1874 miseri·
1064 1818 1071 1877 ζ

100 1895 245 1981 cordiam,
277 1894 402 1989 propter
428 1928 517 1986 qnam
545 1909 617 1968 nihil
645 1911 727 1969 aliud
754 1911 824 1971 velit
853 1930 910 1971 nec
931 1913 1052 2047 copitet
1070 1896 1086 1973 's

100 2029 189 2089 qnam
209 2012 363 2088 ignoscere
383 2008 419 2067 et
445 2009 629 2068 benefacere
713 2022 716 2027 ·
1070 2078 1077 2085 ι

136 2110 248 2168 Hoc
269 2112 420 2187 spectrum
441 2107 497 2167 Dei
517 2108 644 2193 faventis
673 2113 703 2201 et
723 2111 893 2171 miserentis
912 2115 960 2173 est
979 2112 1057 2173 riri,
1076 2102 1089 2155 Ῑ

98 2210 187 2297 ficum
210 2216 385 2288 spectrum,
399 2227 456 2284 quo
477 2208 573 2287 operit
593 2195 785 2286 precamen,
787 2213 878 2281 ,mei“,
884 2216 931 2271 ¹'et
952 2212 1051 2292 rejicit
1087 2238 1091 2245 ¹

99 2312 173 2368 iram
194 2310 224 2366 in
246 2300 404 2385 angulum,
417 2327 452 2367 ac
474 2307 560 2366 dicit.
584 2306 670 2367 Deus
687 2308 774 2368 iavet.
816 2309 920 2371 llaec
922 2328 981 2372 nou
1004 2316 1054 2375 est
1089 2320 1091 2325 '

17 2423 20 2427 ’
79 2409 221 2468 ,rationis
242 2406 404 2486 theologia,
437 2424 512 2483 quae
534 2408 563 2464 in
585 2408 717 2485 peccatis
739 2409 845 2475 suadet
867 2410 1050 2495 desperatio·
1076 2388 1091 2435 ’Ἴ

77 2528 173 2579 nem,
195 2507 351 2566 sedllavid
373 2509 639 2586 sentit-peccatum
661 2509 790 2566 aciram
811 2508 875 2581 Bei,
898 2514 1049 2592 ettamen

98 2607 186 2667 dicit.
208 2606 367 2677 „Miserere
387 2607 444 2664 mei
466 2606 576 2666 Ιιιιιιι.ιι
607 2605 695 2665 Hanc
716 2606 878 2668 doctrinam
899 2612 976 2673 ratio
997 2588 1091 2679 ιιι-’,Ἴ

99 2707 164 2777 scit,
186 2684 240 2765 scd
261 2724 363 2765 sacrae
384 2706 489 2764 literae
510 2706 641 2776 tradunt,
621 2708 770 2765 tsicut
761 2708 856 2767 mhoc
875 2711 1009 2791 primo
992 2711 1048 2771 ltu·
1083 2744 1091 2787 ς

94 2804 146 2884 jas
177 2804 284 2884 psalmi
310 2824 398 2865 versu
427 2796 542 2864 ridetid.
587 2808 664 2864 Sunt
699 2807 775 2864 enim
808 2807 925 2897 singula
954 2813 1053 2871 rerba

96 2922 174 2984 pure
195 2911 225 2964 et
247 2909 329 2964 caste
349 2906 429 2982 posit
430 2923 462 2974 a,
492 2903 544 2963 sed
566 2908 636 2962 sunt
656 2907 747 2963 rerba
769 2907 915 2985 Spiritus,
935 2908 1049 2969 haben·
1075 2890 1082 2991 ’-

96 3006 139 3063 tia
159 3005 258 3073 ritem,
298 3004 335 3062 'ex
371 3006 477 3079 quibus
507 3002 676 3081 spirituales
706 3004 825 3065 discunt
862 3006 1049 3087 distinguere
1076 3054 1091 3085 ,.

96 3105 174 3163 inter
193 3108 381 3184 peecatorem
402 3107 432 3161 et
452 3108 654 3180 peccatorem,
676 3104 753 3163 inter
773 3105 875 3164 Deum
890 3113 921 3168 et
940 3108 1048 3183 Deum,
1088 3166 1091 3171 .

95 3206 126 3262 et
176 3203 295 3264 discunt
333 3204 420 3262 etiam
461 3202 618 3261 conciliare
654 3222 720 3262 cum
756 3203 872 3264 homine
906 3214 1048 3286 peccato-
1089 3226 1091 3237 ·

93 3321 128 3362 re
157 3303 232 3360 iram
259 3300 315 3360 Dei
349 3322 403 3362 seu
432 3303 540 3360 iratum
569 3302 674 3361 Deum.
720 3303 787 3362 Sed
808 3305 938 3381 inquies,
967 3296 1043 3370 haec
1089 3362 1091 3369 .

94 3419 153 3461 non
184 3404 229 3461 sic
262 3401 353 3473 finnt,
389 3404 550 3480 propterea
582 3382 661 3494 quod
694 3420 756 3482 ego,
793 3404 836 3464 sic
867 3410 919 3466 tou
952 3408 1091 3475 verbo

93 3500 232 3572 edoctus,
277 3502 335 3560 ista
370 3520 482 3561 mecum
515 3502 557 3559 ita
587 3488 717 3580 cogitare
748 3500 847 3561 disco
889 3505 947 3563 imo
985 3511 1091 3567 sta-¹

90 3600 233 3659 tuendum
263 3605 326 3671 est,
363 3601 442 3678 quod
471 3602 548 3660 sicut
537 3600 690 3671 teredis,
722 3604 764 3660 sic
797 3603 886 3661 etiam
907 3604 961 3663 tibi
983 3604 1042 3677 fiet,

15 3730 17 3739 ·
90 3699 161 3771 qnia
186 3698 260 3759 hoec
290 3698 364 3760 tides
395 3719 454 3759 non
482 3705 527 3759 est
561 3720 595 3758 er
627 3704 679 3758 tuo
704 3700 816 3806 judicio
844 3709 960 3776 sumta,
976 3702 1039 3767 sad
1066 3710 1091 3805 J

130 3886 179 3953 ,τ’
