2190 4064
302 304 304 307 -
407 220 647 333 rsumrms
803 304 807 312 .
960 267 1043 354 ⁴⁷?

36 429 112 489 licia
136 424 339 486 humanitatis
362 409 775 502 omuibus‚5maxime·autem
801 414 952 489 iratribus,
970 423 1007 477 'ot

36 534 78 589 ut
101 528 157 587 sic.
176 526 294 584 animus
317 526 347 582 et
369 539 476 600 corpus
495 523 677 590 exerceatur,
699 521 731 578 et
750 517 788 576 de
809 518 856 576 die
876 518 906 577 in
928 514 1005 578 dictu

40 628 163 688 fiamus
185 626 360 687 sanctiores.
815 619 828 635 ‘
924 671 927 678 r

133 720 299 785 Manifesta
320 722 413 802 igitur
431 721 505 780 haec
526 719 669 793 confessio
685 720 740 789 est,
762 715 841 793 qnod
853 716 1005 779 christiani

42 830 110 889 sint
131 828 322 905 peccatores.
350 814 425 881 'Nam
446 821 498 880 ubi
518 820 681 895 requiritur
701 816 781 889 lotio,
802 818 843 893 ibi
859 816 1005 898 signitica-

53 902 127 988 tur⁶
142 910 414 1000 inquinamentum·
435 924 465 980 et
484 920 597 982 sordes.
647 918 708 977 sed
739 921 833 978 nostri
855 919 1005 1000 sophistae

46 1029 122 1104 quia
132 1026 256 1084 tantuin
265 1020 497 1102 philosophicam
509 1019 656 1098 justitiam
669 1018 847 1106 intelligunt,
869 1039 922 1082 seu
933 1005 1006 1100 qua*-

45 1126 174 1187 litatem
194 1124 228 1181 in
247 1125 354 1193 mente,
368 1140 434 1193 ¹non
454 1126 580 1200 possunt
601 1112 678 1179 hanc
698 1118 927 1197 discordantiam
938 1140 1020 1191 con-J¹

49 1225 192 1305 cordare.
224 1216 349 1283 Ponunt'
361 1207 507 1299 justitiam
529 1239 584 1279 ceu
606 1218 777 1297 qualitatem
798 1221 829 1277 in
851 1218 949 1293 corde,
970 1234 1017 1283 ea·

52 1346 122 1387 cum
146 1324 255 1394 adest,
288 1316 420 1381 sentiunt
449 1324 548 1402 totum·
564 1320 709 1379 hominem
732 1339 798 1379 esse
818 1327 954 1382 sanctum
974 1325 1005 1382 iu

51 1426 169 1507 spiritu
190 1427 224 1481 et
244 1441 341 1481 carne.
370 1421 445 1480 Cum
467 1421 693 1500 igituraudiunt
708 1421 835 1479 Paulum
850 1422 916 1482 esse¹
930 1423 1007 1482 elec-

53 1534 129 1599 tum,
152 1528 186 1584 et
207 1527 307 1582 tamen
330 1540 395 1580 esse
414 1525 609 1599 peccatorem,
630 1523 755 1599 propter
775 1519 916 1597 reliquias
937 1539 1007 1601 pec·
1034 1591 1045 1604 ι

55 1628 114 1687 cati
135 1623 293 1683 haerentis
314 1622 343 1679 iu
365 1602 480 1698 natura,
501 1623 610 1699 patant
631 1639 663 1678 se
686 1620 863 1679 chimaeram
878 1619 1007 1699 aliquam

55 1727 171 1795 audire,
194 1740 273 1800 quae
294 1740 437 1798 nusquam
461 1722 499 1779 sit
519 1721 551 1777 in
564 1722 755 1778 totanatura.
786 1718 936 1780 Damuant
951 1721 1007 1800 igi·

55 1832 106 1887 tur
126 1843 185 1884 nos
206 1841 262 1902 pro
283 1823 457 1895 haereticis,¹
470 1825 499 1879 et
519 1820 669 1878 minantur
691 1819 832 1879 incendia.

142 1922 208 1985 Sed
229 1918 430 2001 respondeant
451 1922 535 1980 nobis
557 1919 596 1978 ad
616 1918 862 1998 huuc'psalmum
877 1924 1008 2006 tarnua-

58 2026 148 2084 bilem
164 2028 196 2083 et
218 2016 321 2096 notum
328 2020 424 2101 vulgo,
448 2020 525 2097 quid·
532 2038 640 2081 causae
652 2020 697 2091 sit,
711 2038 766 2078 cur
773 2017 868 2079 David
877 2023 1007 2101 postmi-
1021 2016 1026 2039 ⁸

61 2123 257 2209 sericnrdiam
270 2125 299 2181 et
309 2122 519 2191 miserationes,
531 2120 587 2178 hoc
601 2127 654 2190 est,
676 2124 744 2199 post
755 2120 1006 2198 justificationem,
1035 2124 1042 2191 Ϊ

62 2230 145 2304 petat
165 2223 224 2283 hoc
246 2214 379 2298 quoqne,
407 2208 441 2279 ut
461 2218 641 2279 mundetur?
682 2221 755 2279 Nam
776 2219 873 2280 David
894 2222 1007 2282 habens
1033 2275 1035 2279 .

61 2323 264 2384 remissionem
284 2325 490 2400 peccatorum,
520 2323 553 2387 et,
571 2322 714 2399 exsistens
735 2322 766 2377 in
787 2322 896 2400 gratia,
919 2338 1007 2399 quem
1038 2363 1041 2373 ,

63 2424 176 2485 nullum
206 2426 364 2501 peccatum
386 2423 522 2494 accusat,
550 2438 605 2478 nec
633 2419 767 2492 damnat,
789 2426 889 2479 tamen
910 2422 1009 2485 adhuc

63 2521 314 2591 estimandus,
338 2524 367 2578 et
393 2517 482 2577 habet
509 2518 605 2585 adhuc
633 2520 814 2578 immundum
840 2511 1006 2599 peccatum,

64 2624 108 2681 cui
132 2620 206 2680 nihil
228 2620 319 2690 deest,
344 2629 398 2678 tur
419 2638 476 2678 non
499 2636 568 2676 vere
584 2625 741 2697 peceatum
755 2623 801 2690 sit,
824 2605 1008 2698 quam'quod

65 2741 119 2781 non
141 2725 243 2800 potest
265 2738 332 2779 eum
353 2720 502 2777 detonare.
528 2718 614 2797 'Ergo
638 2719 730 2779 David
750 2722 851 2798 justus
874 2729 904 2782 et
919 2723 1015 2801 justi-3

10 2808 13 2907 ζ
66 2820 169 2881 heatus
196 2820 294 2878 adhuc
314 2812 403 2877 habet
425 2804 588 2897 peceatum,
612 2823 641 2877 et
658 2838 713 2897 pro
735 2825 822 2898 parte
843 2822 941 2882 adhuc
964 2829 1022 2884 est·

10 2914 12 2963 Ι
66 2922 201 2996 injustus.
245 2918 313 2977 ideo
335 2922 401 2978 orat
428 2918 536 2976 donum
560 2919 722 2977 inaximum
753 2922 882 2998 Spiritus
913 2925 1009 2983 sancti

68 3019 103 3077 an
124 3020 178 3078 has
202 3019 305 3081 sordes
328 3019 548 3096 expurgandas,
578 3039 612 3078 ac
635 3039 705 3078 sane
727 3015 836 3079 donum
857 3023 913 3083 hoc
935 3025 1007 3084 satis

68 3121 192 3196 probat,
222 3114 281 3178 uo'n
316 3137 381 3176 esse
396 3113 508 3176 'ludum
528 3123 580 3177 aut
598 3119 698 3195 jocum
719 3119 796 3178 hanc
813 3121 1011 3199 ablutionem:

68 3217 137 3275 h'am
158 3218 216 3276 hoc
237 3220 324 3276 etiam
347 3218 508 3277 carendum
531 3223 584 3288 est,
606 3238 643 3276 ne
663 3218 728 3278 illas
739 3223 855 3298 peceati
867 3223 1008 3301 reliquias
1040 3276 1044 3285 .

68 3322 265 3376 extenuemus.
297 3318 329 3375 Si
353 3319 427 3385 enim
450 3330 500 3376 eas
522 3323 670 3389 extenues,
691 3319 813 3379 vilescet
830 3324 918 3381 etiam
936 3308 1033 3402 pur?

69 3424 150 3492 gater
171 3422 202 3474 et
223 3416 332 3475 donum
352 3418 507 3496 purgandi,
530 3416 661 3496 Spiritus
676 3424 797 3478 sanctus
817 3423 938 3482 scilieet.
966 3422 1008 3487 Et

68 3516 212 3594 propheta
233 3515 344 3576 diserto
365 3516 433 3575 illas
451 3517 591 3592 reliquias
614 3521 708 3577 vocat
721 3525 877 3596 peccatum
902 3523 931 3577 et
953 3519 1006 3581 ini,

68 3615 222 3689 quitatem,
246 3632 414 3692 quanquam
435 3635 493 3675 non
514 3621 560 3675 est
580 3617 795 3696 inprecatam,
819 3616 897 3693 quod
918 3620 1006 3675 antea

68 3713 137 3783 init,
166 3715 237 3791 quia
264 3720 355 3794 caput
382 3716 446 3793 'ejus
478 3699 523 3776 est
552 3714 708 3780 'contusum
728 3734 785 3802 per
806 3716 1035 3785 remissionem·
1076 3753 1079 3760 -
