2190 4064
213 228 249 301 ἥ
321 261 340 319 χ
431 246 646 312 rear-mres·
741 226 743 245 ¹
952 252 1010 327 ιιι

10 384 36 457 ⁸·
75 410 216 484 postquam
248 410 406 485 peccatum
428 405 544 478 ιιιιιιιιι,
575 406 632 469 hoe
660 407 720 474 est,
749 407 842 469 totam
872 408 1011 490 npturam

10 556 12 563 ,
73 524 155 564 meam
182 510 307 585 peccato
338 509 511 583 corruptam
548 504 686 582 cognovi,
701 560 703 567 s
717 503 748 560 in
777 504 1012 563 misericordiam

10 658 12 675 ,
71 609 142 664 tuam
171 625 218 664 me
239 606 349 684 abjeci,
381 609 412 664 et
436 623 496 665 non
525 604 567 662 sui
596 602 768 662 incredulus
791 603 906 663 auditui
927 601 1012 663 laeti-

70 706 128 764 tiae
170 701 255 765 Haec
276 709 322 764 est
342 707 404 776 via,
426 696 458 763 et
477 704 526 762 hic
546 703 665 773 modus,
697 721 755 778 quo
778 701 815 760 ad
837 708 868 761 te
889 682 1012 763 conveu-

69 809 166 863 tuntur
198 805 295 882 impii,
315 805 402 863 banc
433 805 510 863 riam
536 801 663 862 docebo:
707 802 757 877 qui
778 804 873 872 venit,
901 803 1010 874 veniat,
1043 878 1046 888 Ι

10 912 16 935 ²
68 906 111 981 qui
131 923 190 962 non
211 903 292 962 venit
279 904 417 975 biaciat
436 903 469 962 io
490 921 544 962 suo
565 901 704 981 periculo
721 905 778 960 etc.

141 1002 266 1062 Occulte
290 949 385 1082 igitur
409 1003 458 1061 hio
485 990 630 1073 insiuubt,
656 1000 754 1078 quod
768 990 871 1061 eadem
902 1001 1011 1062 docere

65 1103 142 1175 solit,
174 1122 251 1179 quoe
272 1121 365 1183 supra
394 1105 424 1162 in
445 1120 501 1161 sua
522 1117 668 1182 persona
674 1105 813 1181 expertus
834 1105 897 1173 ast,
928 1101 1010 1178 quod

64 1207 234 1280 peccatores
255 1222 315 1263 non
327 1202 408 1261 velit
430 1183 551 1272 docere,
582 1203 662 1262 sieut
680 1218 777 1280 papa,
803 1203 852 1277 qui
859 1198 1010 1264 satisfac·

64 1305 168 1362 tionem
192 1320 315 1381 operum
339 1301 479 1373 consulit,
501 1306 556 1375 aut
570 1303 654 1362 sicut
673 1300 797 1373 Judaei,
826 1302 877 1377 qui
897 1300 1010 1361 sacrifi·

64 1404 104 1461 eia
131 1404 163 1460 et
192 1402 368 1462 traditiones
385 1404 469 1461 “suas
497 1402 719 1481 proponebant,
736 1400 803 1468 ⁴secl
826 1400 910 1477 quod
937 1399 1011 1460 velit

62 1503 230 1561 universum
258 1520 351 1581 genus
381 1502 541 1560 humanum
569 1501 691 1572 docere,
721 1499 801 1577 quod
829 1501 1022 1561 omnia¹hu=

62 1620 144 1661 mana
167 1601 267 1661 studia
296 1589 394 1662 coram
415 1601 479 1661 Deo
501 1600 680 1683 damnabilia
701 1601 775 1675 sint,
797 1601 825 1658 si
843 1602 1009 1679 suscipian-

60 1704 107 1760 tur
126 1716 224 1761 cum'
256 1686 405 1780 opinione
427 1700 574 1778 justitiae,
610 1683 788 1769 seeundum.¹
815 1699 1007 1759 senteutiam:

61 1801 137 1870 „Nou
162 1803 210 1860 est
230 1802 340 1871 bonus,
369 1788 413 1860 ne*
428 1819 507 1859 unus
536 1798 670 1875 q'uidem,
696 1801 824 1858 nonest
846 1797 1009 1874 quiiacint
1074 1878 1078 1883 ἱ

60 1899 200 1971 bonum‚“
228 1900 312 1959 Rom.
332 1903 362 1961 3.
404 1899 472 1959 llas
504 1900 725 1978 praedieatione
759 1897 905 1975 occiditur
927 1899 1007 1983 'ratio

60 2004 88 2057 et
120 2001 216 2085 omnis
248 2000 431 2077 praesumtio
463 2001 600 2059 humana.
650 2000 724 2058 Nam
753 2018 820 2058 eum
837 2003 1007 2083 'peccatum

59 2116 140 2157 nemo
163 2099 260 2176 possit
280 2117 403 2178 negare,
424 2100 496 2176 quid
516 2105 617 2179 potest
637 2101 701 2166 orci,
715 2097 895 2170 horribilius,
917 2117 1008 2174 quem
1053 2119 1055 2124 ¹

53 2192 137 2274 'quod
159 2197 244 2257 homo
264 2200 296 2256 in
318 2217 350 2257 se
371 2198 453 2257 nulla
472 2200 623 2277 praesidia
644 2199 752 2259 babeat
775 2190 880 2257 eontra
899 2215 1008 2276 pecea-
1069 2250 1072 2256 ,

59 2299 142 2356 turni
186 2277 349 2374 Postopuam
381 2299 420 2356 ad
450 2298 529 2358 bunc
549 2299 668 2358 modum
690 2300 735 2383 ira
755 2297 812 2356 Dei
829 2296 1010 2376 praedicabo

59 2401 86 2456 et
106 2398 224 2456 homo
215 2416 246 2456 ιιι
278 2397 452 2474 sacrificium
473 2398 537 2457 Deo
564 2402 711 2458 mactatus
733 2400 889 2480 est,tunc
909 2395 1009 2472 sequi·

58 2502 107 2556 tur
142 2496 264 2557 auditus
299 2496 393 2555 laesio·
371 2501 444 2555 trae.
486 2498 569 2568 „Non
602 2498 769 2557 morierisfl
815 2472 895 2577 Nam
923 2494 1007 2557 neus
1030 2562 1033 2573 ,
1060 2504 1062 2511 “

58 2596 266 2674 peccatoribus
287 2597 331 2656 sie
350 2596 487 2655 mactatis
510 2615 569 2655 nou
585 2595 681 2655 rult'
673 2597 777 2667 irasci,
798 2594 852 2661 sed
871 2593 937 2655 vult
956 2612 1009 2655 eos
1037 2590 1040 2598 ’

58 2695 189 2766 salvare,
210 2696 281 2772 quia
300 2676 394 2754 misit
399 2694 492 2756 filium
514 2712 609 2768 suum,
629 2701 665 2756 ut
684 2701 809 2794 peecata
829 2696 931 2755 mundi
951 2695 1010 2759 to}-

57 2794 142 2854 leret.
185 2793 271 2853 Haec
296 2812 367 2854 vera
381 2790 525 2856 doctrino
544 2799 609 2867 est,-
640 2800 672 2854 et
691 2814 780 2855 varus
802 2790 915 2867 bultus,
947 2798 1041 2870 quo*

57 2896 138 2974 impii
162 2898 337 3001 convertunt
338 2912 383 2953 ur.
425 2891 499 2965 Alii,
527 2895 582 2971 qui
598 2895 750 2975 peccatori
770 2894 914 2966 suadent,
919 2912 1008 2959 cou-

29 3106 31 3111 ’
57 3113 169 3163 suurn,¹
190 3096 220 3151 et
241 3094 451 3151 monasterium
471 3097 572 3172 petat,
599 3095 651 3153 ubi
678 3092 796 3152 coelebs
818 3080 912 3160 viret,
934 3091 1007 3151 nihil

56 3192 137 3251 aliud
157 3192 287 3263 faciunt,
320 3211 408 3268 quam
437 3197 472 3252 ut
505 3212 680 3254 conversum
707 3194 745 3254 ab
777 3191 855 3252 idolo
882 3193 1006 3250 Veneris

56 3293 208 3351 obducant
229 3292 269 3349 ad
289 3290 400 3350 idolum
423 3293 662 3364 abominationis,
696 3296 726 3351 et
754 3292 904 3383 geminent
925 3289 1006 3348 dam-

56 3386 213 3460 nationem.
236 3390 302 3451 Hoc
323 3395 382 3462 est,
405 3410 440 3449 ex
461 3391 591 3468 Scylla
583 3412 614 3473 ¹¹.¹
621 3391 826 3466 Charybdim,
849 3411 884 3450 ex
904 3389 1006 3496 pluvia

56 3493 83 3551 in
102 3492 202 3571 ipsum
224 3510 306 3569 mare
327 3491 472 3560 incidere,
499 3492 555 3550 ubi
580 3480 639 3553 uno
667 3495 791 3570 peccato
813 3474 988 3574 expulso'
961 3506 1006 3561 on-

55 3591 233 3670 grediuntur
254 3590 312 3650 alia
333 3594 462 3669 septem,
486 3589 573 3650 sicut
589 3591 734 3651 obsistas
755 3590 829 3651 dicit
849 3588 887 3648 de
908 3568 1005 3664 ¹ejecto
1090 3598 1092 3604 ·

57 3690 217 3752 doemonio.
