2190 4064
267 258 619 319 innumeras.
676 298 679 321 ,
865 260 938 320 sss

47 411 95 471 dia
115 430 194 489 aqna
206 395 269 491 Ἠ).
292 413 364 475 ,Sic
385 410 505 487 quidam
523 415 625 472 nostro
638 414 772 491 tempore
789 410 928 487 eloquen-

47 518 74 573 εἰ
95 512 231 572 doctrina
250 515 439 591 praestantes
460 530 561 573 omnes
583 513 765 572 ceremonias
780 512 928 584 ridebant,
947 551 950 564 ·

50 622 94 673 'ex
114 613 209 673 sacris
229 611 332 683 literis,
354 611 408 670 sed
428 600 590 672 tirannico
610 630 692 671 more
714 618 743 671 et
754 600 791 671 er
800 611 930 671 stultitia

47 712 78 775 iis
99 714 153 784 sui,
175 712 368 789 interrogati,¹
380 729 434 771 eur
455 710 653 782 miscerent,
675 710 747 770 nihil
768 712 931 771 offerebant

47 816 101 886 ius,
131 830 220 889 quam
243 811 322 889 quod
345 793 419 871 Cato
442 810 530 870 dicit:
558 814 591 871 Si
619 811 700 872 Deus
731 814 776 870 est
804 812 928 882 animus,

47 932 53 973 t
81 920 128 973 est
156 931 235 991 pura
262 918 361 972 mente
389 912 539 971 colendus.
583 911 654 971 Inde
682 911 843 971 assuebant
872 908 930 969 don

47 1032 76 1072 m
97 1014 265 1079 indoctum,
296 1012 349 1070 sed
378 1013 466 1069 etiam
497 1012 618 1090 impium
644 1011 700 1070 hoc
729 1029 932 1087 consequens:

47 1114 166 1172 attens
189 1130 246 1170 non
269 1111 376 1169 colitur
396 1112 524 1170 externis
546 1111 644 1169 rebus.
686 1110 753 1173 Hoc
768 1130 851 1169 'sane
872 1130 931 1171 non

53 1216 184 1271 evertere
204 1211 387 1280 traditiones,
409 1211 489 1287 quod
502 1215 600 1270 tamen
615 1196 800 1270 conabantur
816 1212 933 1289 sapten-
993 1250 999 1274 r

53 1311 111 1381 isti,
134 1312 189 1370 sed
210 1312 354 1403 praebere
376 1311 559 1370 occasionem
580 1310 701 1369 infinitis
714 1311 932 1389 superstitioni-

53 1412 227 1481 ,erroribns
249 1417 279 1470 et
300 1412 516 1488 impietatibus,
549 1415 583 1469 ut
603 1410 724 1470 taudem
745 1428 802 1469 nou
834 1410 931 1470 solum
1022 1476 1024 1481 .

47 1509 159 1571 iitiones
187 1512 263 1570 istae
291 1510 479 1588 pontificiae,
509 1509 672 1568 sedetiam
701 1509 813 1568 Christi
841 1511 955 1568 nerbo2

47 1612 138 1671 itntae
159 1610 361 1686 ordinationes
382 1609 555 1679 rideantur,
575 1614 628 1667 aut
649 1606 753 1669 saltem
776 1627 833 1667 non
855 1611 933 1668 tanti
1001 1600 1019 1672 ,’

47 1714 76 1782 rt,
101 1712 205 1788 quanti
228 1711 377 1768 debebant
398 1728 417 1767 a
436 1708 521 1767 nobis
547 1707 628 1779 fieri,
658 1708 735 1767 sieut
762 1707 843 1766 haud
871 1711 933 1768 seio

63 1830 115 1871 non
152 1816 184 1870 et
211 1811 406 1890 anabaptistis
435 1813 464 1867 et
498 1808 735 1867 sacramentariis
763 1807 933 1886 hujusmodi

47 1910 187 1987 trudentia
227 1910 306 1968 dieta
339 1904 524 1988 occasionem
552 1907 700 1995 dederint,
726 1909 934 1969 contemnendi

47 2011 123 2087 ¹ttistni
145 2016 177 2071 et
197 2010 357 2069 multorum
379 2008 502 2067 aliorum
517 2026 649 2068 errorum
664 2006 933 2086 excogitandorum

72 2110 177 2171 t'erum
200 2114 246 2170 est
268 2110 385 2187 quidem
408 2109 529 2169 Catonis
551 2108 662 2168 dictum
675 2109 782 2168 ceteris
800 2106 934 2188 paribus,

47 2204 110 2271 [dic
124 2215 160 2272 tu
181 2210 266 2269 mibi:
288 2210 344 2268 Ubi
367 2213 412 2267 est
433 2227 469 2266 ea
487 2226 566 2287 pura
587 2226 678 2274 mens,
701 2206 738 2266 de
760 2226 820 2284 qua
840 2206 934 2269 dieitt
1030 2194 1035 2207 ’

47 2309 132 2387 tqutd
154 2329 190 2370 ea
220 2309 287 2368 esst
317 2307 375 2366 Hie
404 2306 488 2367 alius.
508 2306 737 2381 moderationem
767 2307 943 2382 affectuum·

47 2422 71 2465 ns
86 2389 307 2490 imaginationes
328 2408 367 2479 de
389 2407 451 2466 Deo
473 2426 527 2467 seu
547 2392 856 2491 speculationemssalii
877 2408 936 2467 alin

47 2510 180 2584 pandent.
224 2508 306 2588 Ergo
328 2507 401 2569 nihil
420 2509 476 2568 hoo
497 2514 543 2567 est
566 2508 672 2566 dicere:
694 2505 833 2579 Externis
853 2505 935 2566 Deus

47 2609 132 2670 nmis
153 2607 226 2679 coli,
261 2608 314 2667 sed
345 2609 395 2684 qui
424 2608 530 2686 impias
558 2625 594 2666 ac
622 2606 729 2666 stultas
760 2604 935 2666 traditiones

47 2720 57 2759 1
83 2710 261 2769 ceremonias
288 2709 392 2769 nolunt
421 2712 569 2776 evertere,
605 2711 727 2786 oportet·
755 2709 790 2764 ut
815 2708 936 2768 veniant

47 2799 114 2867 tetre
136 2809 276 2869 instructi
297 2809 385 2867 verbo
407 2806 479 2877 Dei,
500 2809 532 2865 et
551 2810 586 2866 ut
606 2807 687 2866 verbi
709 2807 844 2885 inprimis
864 2810 942 2875 rati-,

47 2920 80 2963 sn
98 2908 234 2967 habeant.
277 2909 336 2972 (tui
364 2909 487 2967 verbum
514 2925 573 2967 uon
596 2893 784 2977 'considerat,
810 2925 937 2968 necesse

47 3014 95 3066 :ut
122 3007 275 3088 praeterat
295 3010 417 3067 Romam
443 3011 585 3086 tanquam
611 2998 807 3087 potentiorem
831 3009 952 3069 urbem
1015 3083 1020 3095 .

48 3101 224 3185 crosotyr'nis,
245 3126 368 3167 necesse
388 3111 435 3166 est
456 3113 491 3167 nt
517 3088 631 3189 statuat
659 3106 791 3166 Graecos
819 3108 938 3187 sapien-

47 3220 86 3267 tes
111 3228 179 3269 esse
207 3208 345 3265 barbaris
367 3206 515 3279 Judaeis,
533 3208 576 3267 sic
597 3206 674 3266 enim
695 3224 746 3265 eos
774 3200 937 3268 censebant

47 3308 107 3369 ties.
156 3306 232 3379 snt,
254 3307 341 3385 quid,
380 3306 461 3383 quod
494 3308 589 3367 Roma
616 3307 804 3382 quantumvis
829 3311 938 3387 potens

47 3410 81 3467 ret
97 3411 189 3470 norbo
212 3411 244 3467 et
263 3408 506 3487 promissionibus
527 3406 605 3465 Dei't
629 3405 709 3470 uuit
730 3406 809 3483 qnod
832 3408 939 3467 Graeci

47 3518 67 3563 u
96 3509 161 3571 otiis
189 3507 345 3589 gentibus,
380 3525 457 3584 quae
484 3507 653 3586 sapientiae·
673 3505 792 3566 laudem
818 3507 937 3579 habent,

47 3602 203 3625 ''Qu-—

47 3646 116 3775 ἡΒ.)
129 3634 325 3775 r(ierirnouins
364 3651 502 3723 quomodo
529 3664 605 3706 recte
638 3652 788 3722 probentur
809 3637 861 3706 'aut
890 3652 937 3705 im-

113 3738 152 3777 u.
193 3752 197 3757 ·
875 3756 879 3765 =
