2190 4064
73 222 134 283 224
409 218 714 281 Praelectiener

73 382 144 434 sunt
166 374 239 432 istae
260 370 426 431 horrendae
446 374 611 431 sententiae
632 373 711 431 inter
730 367 814 453 ipsos
835 368 995 447 netissluaat

72 475 173 533 Nescit
194 472 293 543 homo,
316 476 417 530 utram
438 490 537 530 amore
560 471 604 530 rel
626 472 692 531 odio
715 471 824 550 dignus
846 473 897 544 sit,
925 465 1002 530 atsi·

72 575 166 632 miles.
211 573 271 630 Soa
293 591 402 647 quaeso
437 571 507 647 quid
538 571 594 629 hoc
627 574 673 629 cst
701 569 738 628 de
759 570 824 630 Deo
858 572 1009 654 disputanti

73 676 98 732 si
129 673 256 741 nescias,
291 671 362 747 qaid
392 672 428 729 dc
460 677 490 729 te
519 672 630 749 cogitet
651 674 703 729 aut
734 671 917 731 constituati
950 665 1009 728 lto·

72 793 142 832 rere
164 767 213 831 c'st¹
232 772 326 830 [teum
348 772 390 829 sic
412 769 589 830 concludere
610 774 642 829 et
662 771 847 831 abscondere
858 803 866 842 ς
878 821 882 828 .
894 778 930 830 ut
948 779 1009 829 nus

74 892 160 950 quum
183 890 248 930 aum
270 890 325 929 nec
347 870 450 929 auilias
472 889 528 929 nec
548 868 658 930 rideas.
699 870 831 929 l'erbum
850 865 1009 947 itaquaesl

73 994 108 1032 ex
128 991 187 1048 quo
208 975 342 1030 statuere
363 987 521 1047 possumus
543 970 580 1028 de
600 970 754 1030 voluntate
782 970 848 1043 tter,
878 970 948 1048 quid
966 981 1009 1027 nu

71 1074 186 1131 hiscum
207 1072 307 1149 gerat,
330 1069 401 1145 quid
414 1071 449 1141 ‚ei
470 1070 603 1148 placeat,
626 1059 698 1146 quid
713 1068 784 1129 velit
806 1075 864 1131 etc.
907 1071 1009 1135 Quia*

71 1172 149 1229 hanc
163 1170 358 1247 cognitionem
376 1188 433 1226 non
448 1171 577 1238 veniunt,
601 1174 672 1229 sunt
688 1170 817 1249 theologi
831 1170 912 1229 haud
927 1168 1005 1229 mult

71 1271 217 1340 meliores,
240 1286 328 1344 quam
351 1270 451 1327 asinius
470 1267 678 1342 cytharoedus.
721 1270 826 1347 ltaque
842 1269 923 1329 illam
939 1270 1009 1349 iguo

70 1366 1009 1446 raedamotloedaminscitiamsecutasuntaliaaequeabsurda

71 1475 106 1530 ut
128 1468 284 1528 crederent
305 1487 338 1527 se
357 1467 420 1526 ltro
441 1466 617 1546 placituros,
649 1470 674 1527 si
694 1468 775 1527 hunc
796 1473 850 1527 aut
871 1468 953 1529 illum
971 1481 1009 1527 et

73 1570 170 1630 dinem
192 1570 269 1629 ritae
290 1569 469 1627 monasticae
491 1569 684 1647 susciperent,
707 1569 732 1627 si
753 1568 844 1647 hujus
865 1571 919 1628 aut
938 1567 1004 1625 illiu

73 1671 167 1730 sancti
198 1668 394 1749 patrocinium
415 1667 703 1746 peregrinationibus
724 1672 935 1748 compararent
960 1670 1009 1726 etc

70 1770 139 1830 lloc
158 1770 247 1828 chaos
268 1766 448 1825 infinitorum
478 1774 612 1825 errorum
641 1770 671 1825 et
701 1767 847 1828 maloram
876 1767 1009 1844 sequitu!

70 1871 123 1930 ubi
143 1886 203 1929 aen
224 1870 271 1926 est
289 1867 411 1924 verbum
434 1869 464 1924 ct
484 1883 554 1923 rora
576 1865 630 1923 [tei
651 1868 774 1939 notitia,
802 1886 881 1945 quae
903 1870 1009 1927 tantur!

72 1988 108 2029 ex
127 1968 217 2026 verbe
241 1965 345 2025 summi
367 1968 476 2042 potest:
496 1964 552 2022 hoc
573 1967 680 2025 amisso
702 1969 844 2038 nescitur,
867 1966 941 2044 quid
954 1964 1009 2025 uer

70 2066 190 2147 placeat
210 2069 263 2123 aut
295 2063 467 2142 displiceat,
500 2069 666 2139 sequuntur
687 2068 778 2145 igitur
803 2067 855 2126 illa
888 2069 1009 2127 mensu·

71 2164 265 2235 idololatriae,
287 2181 364 2239 quae
385 2164 414 2220 in
435 2165 549 2242 papatu
570 2166 683 2243 experti
703 2185 816 2225 sumus.

139 2264 292 2334 ¹Fadum,
325 2261 404 2340 quod
434 2262 500 2342 lege
531 2262 629 2322 divina
659 2266 689 2323 in
710 2267 836 2345 septime
855 2271 1009 2347 praecepte

71 2365 262 2446 prohibetur,
280 2363 434 2441 judicatur
453 2380 665 2441 parrumesse
686 2364 812 2437 malum,
838 2367 864 2424 si
886 2365 1009 2426 coniers·

69 2470 121 2525 tur
142 2465 181 2524 ad
201 2465 330 2540 reliqua,
353 2463 390 2522 ad
413 2463 550 2533 caedem,
580 2462 732 2535 libidines,
764 2464 939 2526 seditionem
958 2471 1009 2526 ete

71 2566 133 2625 Sed
155 2569 253 2624 tamen
274 2563 352 2642 finge
373 2565 429 2625 lrec
449 2566 642 2643 praeceptum
664 2583 721 2623 nen
743 2584 810 2625 esse
824 2560 1009 2644 positum⁴J2

71 2669 184 2740 quantu
205 2666 348 2739 sequetur
368 2666 532 2740 tempestas
543 2663 734 2721 maximorum
747 2663 1009 2727 incomnrodoruml

69 2763 137 2823 lita
171 2768 274 2822 nostra
308 2762 364 2819 crit
392 2761 494 2820 similis
526 2763 616 2821 lusori
643 2762 782 2842 luporum
810 2768 841 2824 et
869 2781 1009 2834 ursorum,

68 2864 248 2942 rapientium
277 2863 307 2918 at
333 2861 513 2918 vastantium
542 2861 687 2938 quidquid
715 2868 858 2940 possunt,
886 2870 953 2937 aut,
978 2865 1009 2922 ul

68 2962 183 3039 foedius
205 2959 316 3036 aliquid
343 2958 454 3028 dicam,
482 2959 539 3015 erit
561 2959 638 3017 inter
666 2980 718 3019 nos
740 2964 801 3021 rita
823 2964 920 3040 qualis
946 2980 1009 3043 per-

67 3079 171 3120 corum
195 3065 256 3129 est,
285 3058 335 3133 qui
356 3075 423 3116 eum
444 3054 483 3113 ad
501 3056 599 3115 cibum
620 3058 813 3133 adhibentur,
839 3065 865 3123 si
892 3064 1009 3143 possent

68 3159 177 3236 singuli
215 3163 330 3218 tantum
356 3174 478 3225 rorare,
513 3159 657 3228 quantum
687 3162 821 3221 omnibus
858 3166 932 3222 satis
959 3163 1009 3230 est,

67 3259 208 3328 facerent,
230 3256 312 3314 nulla
332 3256 434 3313 habita
453 3252 568 3310 ratione
586 3254 776 3330 reliquorum.
820 3262 909 3327 Quod
924 3264 1009 3342 igitar

67 3362 191 3415 nestrae
212 3374 262 3414 res
284 3356 314 3411 in
335 3356 400 3413 tato
422 3355 501 3420 sunt,
522 3354 552 3409 et
572 3371 739 3429 quanquam
761 3363 860 3419 careri
881 3358 1009 3442 pericula

67 3457 165 3515 omnia
185 3473 242 3513 non
265 3455 408 3530 possunt,
438 3454 536 3507 tamen
558 3470 616 3508 non
644 3456 742 3512 euruia
765 3466 869 3520 uestra
896 3457 1009 3541 pericli-

66 3559 183 3618 tantur,
203 3552 378 3613 beneficium
400 3553 445 3608 cst
466 3551 583 3625 septimi
598 3556 761 3631 praecepti.

135 3670 168 3738 l)
190 3664 341 3723 Corrrmoda
360 3679 410 3717 seu
432 3660 567 3715 terreticio
588 3664 674 3715 recti.

447 3963 554 3980 -ι-“
