<?xml version="1.0" encoding="UTF-8"?>
<!DOCTYPE html PUBLIC "-//W3C//DTD XHTML 1.0 Transitional//EN"
    "http://www.w3.org/TR/xhtml1/DTD/xhtml1-transitional.dtd">
<html xmlns="http://www.w3.org/1999/xhtml" xml:lang="en" lang="en">
 <head>
  <title>
</title>
<meta http-equiv="Content-Type" content="text/html;charset=utf-8" />
  <meta name='ocr-system' content='tesseract 3.04.00' />
  <meta name='ocr-capabilities' content='ocr_page ocr_carea ocr_par ocr_line ocrx_word'/>
</head>
<body>
  <div class='ocr_page' id='page_1' title='image "./exegeticaoperal04luthgoog_0243.png"; bbox 0 0 2204 4058; ppageno 0'>
   <div class='ocr_carea' id='block_1_1' title="bbox 77 212 713 277">
    <p class='ocr_par' dir='ltr' id='par_1_1' title="bbox 77 212 713 277">
     <span class='ocr_line' id='line_1_1' title="bbox 77 212 713 277; baseline 0.008 -5"><span class='ocrx_word' id='word_1_1' title='bbox 77 212 141 272; x_wconf 74' lang='lat'><strong>288</strong></span> <span class='ocrx_word' id='word_1_2' title='bbox 396 212 713 277; x_wconf 76' lang='lat' dir='ltr'><strong>l&#39;raelsctlorres</strong></span> 
     </span>
    </p>
   </div>
   <div class='ocr_carea' id='block_1_2' title="bbox 66 364 1001 3541">
    <p class='ocr_par' dir='ltr' id='par_1_2' title="bbox 75 364 1001 1230">
     <span class='ocr_line' id='line_1_2' title="bbox 78 364 1001 441; baseline 0.013 -16"><span class='ocrx_word' id='word_1_3' title='bbox 78 366 144 441; x_wconf 85' lang='lat' dir='ltr'><strong>ejus</strong></span> <span class='ocrx_word' id='word_1_4' title='bbox 179 372 262 425; x_wconf 90' lang='lat' dir='ltr'><strong>recte</strong></span> <span class='ocrx_word' id='word_1_5' title='bbox 289 364 431 426; x_wconf 87' lang='lat' dir='ltr'><strong>dicuntur</strong></span> <span class='ocrx_word' id='word_1_6' title='bbox 460 364 602 431; x_wconf 82' lang='lat' dir='ltr'><strong>eoelestia</strong></span> <span class='ocrx_word' id='word_1_7' title='bbox 629 368 726 430; x_wconf 80' lang='lat' dir='ltr'><strong>latere</strong></span> <span class='ocrx_word' id='word_1_8' title='bbox 753 390 830 433; x_wconf 71' lang='lat' dir='ltr'><strong>esse,</strong></span> <span class='ocrx_word' id='word_1_9' title='bbox 873 374 924 435; x_wconf 76' lang='lat' dir='ltr'><strong>Sic</strong></span> <span class='ocrx_word' id='word_1_10' title='bbox 948 376 1001 437; x_wconf 76' lang='lat' dir='ltr'><strong>atr</strong></span> 
     </span>
     <span class='ocr_line' id='line_1_3' title="bbox 78 464 1001 547; baseline 0.015 -25"><span class='ocrx_word' id='word_1_11' title='bbox 78 464 232 523; x_wconf 82' lang='lat' dir='ltr'><strong>ecclesiam</strong></span> <span class='ocrx_word' id='word_1_12' title='bbox 255 469 286 523; x_wconf 89' lang='lat' dir='ltr'><strong>et</strong></span> <span class='ocrx_word' id='word_1_13' title='bbox 306 470 411 542; x_wconf 80' lang='lat' dir='ltr'><strong>gentes</strong></span> <span class='ocrx_word' id='word_1_14' title='bbox 437 468 526 525; x_wconf 83' lang='lat' dir='ltr'><strong>etism</strong></span> <span class='ocrx_word' id='word_1_15' title='bbox 559 468 664 546; x_wconf 68' lang='lat' dir='ltr'><strong>ingens</strong></span> <span class='ocrx_word' id='word_1_16' title='bbox 692 468 855 531; x_wconf 78' lang='lat' dir='ltr'><strong>discrimen</strong></span> <span class='ocrx_word' id='word_1_17' title='bbox 881 480 941 547; x_wconf 83' lang='lat' dir='ltr'><strong>est,</strong></span> <span class='ocrx_word' id='word_1_18' title='bbox 963 491 1001 535; x_wconf 71' lang='grc' dir='ltr'><strong>ια</strong></span> 
     </span>
     <span class='ocr_line' id='line_1_4' title="bbox 76 564 1001 647; baseline 0.014 -24"><span class='ocrx_word' id='word_1_19' title='bbox 76 583 149 623; x_wconf 82' lang='lat' dir='ltr'><strong>serre</strong></span> <span class='ocrx_word' id='word_1_20' title='bbox 170 564 249 641; x_wconf 82' lang='lat' dir='ltr'><strong>qued</strong></span> <span class='ocrx_word' id='word_1_21' title='bbox 270 567 378 625; x_wconf 78' lang='lat' dir='ltr'><strong>attinet</strong></span> <span class='ocrx_word' id='word_1_22' title='bbox 398 564 437 623; x_wconf 86' lang='lat' dir='ltr'><strong>ed</strong></span> <span class='ocrx_word' id='word_1_23' title='bbox 466 572 616 625; x_wconf 78' lang='lat' dir='ltr'><strong>externam</strong></span> <span class='ocrx_word' id='word_1_24' title='bbox 646 570 776 647; x_wconf 87' lang='lat' dir='ltr'><strong>speciem</strong></span> <span class='ocrx_word' id='word_1_25' title='bbox 806 570 895 647; x_wconf 81' lang='lat' dir='ltr'><strong>(uam</strong></span> <span class='ocrx_word' id='word_1_26' title='bbox 921 593 1001 635; x_wconf 75' lang='lat' dir='ltr'><strong>reem</strong></span> 
     </span>
     <span class='ocr_line' id='line_1_5' title="bbox 77 661 1001 744; baseline 0.014 -23"><span class='ocrx_word' id='word_1_27' title='bbox 77 664 148 741; x_wconf 76' lang='lat' dir='ltr'><strong>dum</strong></span> <span class='ocrx_word' id='word_1_28' title='bbox 169 682 234 721; x_wconf 85' lang='lat' dir='ltr'><strong>eam</strong></span> <span class='ocrx_word' id='word_1_29' title='bbox 257 664 332 724; x_wconf 82' lang='lat' dir='ltr'><strong>[orte</strong></span> <span class='ocrx_word' id='word_1_30' title='bbox 359 664 512 743; x_wconf 73' lang='lat' dir='ltr'><strong>praeferas</strong></span> <span class='ocrx_word' id='word_1_31' title='bbox 538 668 678 744; x_wconf 70' lang='lat' dir='ltr'><strong>pentes),</strong></span> <span class='ocrx_word' id='word_1_32' title='bbox 704 668 758 729; x_wconf 84' lang='lat' dir='ltr'><strong>sed</strong></span> <span class='ocrx_word' id='word_1_33' title='bbox 779 661 909 733; x_wconf 72' lang='lat' dir='ltr'><strong>ecclesia</strong></span> <span class='ocrx_word' id='word_1_34' title='bbox 935 672 1001 733; x_wconf 78' lang='lat' dir='ltr'><strong>tut</strong></span> 
     </span>
     <span class='ocr_line' id='line_1_6' title="bbox 75 764 1001 853; baseline 0.016 -33"><span class='ocrx_word' id='word_1_35' title='bbox 75 764 215 835; x_wconf 78' lang='lat' dir='ltr'><strong>verbum,</strong></span> <span class='ocrx_word' id='word_1_36' title='bbox 237 766 403 825; x_wconf 86' lang='lat' dir='ltr'><strong>seeundum</strong></span> <span class='ocrx_word' id='word_1_37' title='bbox 426 766 523 845; x_wconf 82' lang='lat' dir='ltr'><strong>ipsum</strong></span> <span class='ocrx_word' id='word_1_38' title='bbox 541 766 737 843; x_wconf 82' lang='lat' dir='ltr'><strong>judicandum</strong></span> <span class='ocrx_word' id='word_1_39' title='bbox 765 774 829 843; x_wconf 87' lang='lat' dir='ltr'><strong>est,</strong></span> <span class='ocrx_word' id='word_1_40' title='bbox 860 764 1001 853; x_wconf 78' lang='lat' dir='ltr'><strong>eun&#39;trp</strong></span> 
     </span>
     <span class='ocr_line' id='line_1_7' title="bbox 76 863 1001 943; baseline 0.013 -20"><span class='ocrx_word' id='word_1_41' title='bbox 76 864 165 935; x_wconf 78' lang='lat' dir='ltr'><strong>tinet,</strong></span> <span class='ocrx_word' id='word_1_42' title='bbox 186 882 255 923; x_wconf 86' lang='lat' dir='ltr'><strong>cum</strong></span> <span class='ocrx_word' id='word_1_43' title='bbox 276 863 383 933; x_wconf 86' lang='lat' dir='ltr'><strong>docet,</strong></span> <span class='ocrx_word' id='word_1_44' title='bbox 404 883 471 923; x_wconf 89' lang='lat' dir='ltr'><strong>cum</strong></span> <span class='ocrx_word' id='word_1_45' title='bbox 495 884 617 925; x_wconf 87' lang='lat' dir='ltr'><strong>coenam</strong></span> <span class='ocrx_word' id='word_1_46' title='bbox 638 866 750 927; x_wconf 83' lang='lat' dir='ltr'><strong>domini</strong></span> <span class='ocrx_word' id='word_1_47' title='bbox 771 866 938 943; x_wconf 72' lang='lat' dir='ltr'><strong>distribuit,</strong></span> <span class='ocrx_word' id='word_1_48' title='bbox 956 881 1001 934; x_wconf 62' lang='lat' dir='ltr'><strong>r!</strong></span> 
     </span>
     <span class='ocr_line' id='line_1_8' title="bbox 76 962 1001 1043; baseline 0.009 -20"><span class='ocrx_word' id='word_1_49' title='bbox 76 962 257 1036; x_wconf 78' lang='lat' dir='ltr'><strong>consolatur,</strong></span> <span class='ocrx_word' id='word_1_50' title='bbox 272 966 421 1043; x_wconf 72' lang='lat' dir='ltr'><strong>objurgat.</strong></span> <span class='ocrx_word' id='word_1_51' title='bbox 443 963 578 1035; x_wconf 84' lang='lat' dir='ltr'><strong>absolvit,</strong></span> <span class='ocrx_word' id='word_1_52' title='bbox 598 968 834 1029; x_wconf 79' lang='lat' dir='ltr'><strong>excommunicat</strong></span> <span class='ocrx_word' id='word_1_53' title='bbox 842 975 901 1030; x_wconf 75' lang='lat' dir='ltr'><strong>etc·</strong></span> <span class='ocrx_word' id='word_1_54' title='bbox 914 964 1001 1031; x_wconf 67' lang='lat' dir='ltr'><strong>Gesta</strong></span> 
     </span>
     <span class='ocr_line' id='line_1_9' title="bbox 76 1051 1001 1145; baseline 0.009 -23"><span class='ocrx_word' id='word_1_55' title='bbox 76 1062 116 1123; x_wconf 89' lang='lat' dir='ltr'><strong>de</strong></span> <span class='ocrx_word' id='word_1_56' title='bbox 136 1082 192 1123; x_wconf 88' lang='lat' dir='ltr'><strong>sua</strong></span> <span class='ocrx_word' id='word_1_57' title='bbox 211 1063 354 1143; x_wconf 74' lang='lat' dir='ltr'><strong>religione</strong></span> <span class='ocrx_word' id='word_1_58' title='bbox 374 1068 406 1125; x_wconf 85' lang='lat' dir='ltr'><strong>et</strong></span> <span class='ocrx_word' id='word_1_59' title='bbox 428 1064 564 1125; x_wconf 86' lang='lat' dir='ltr'><strong>omuibus</strong></span> <span class='ocrx_word' id='word_1_60' title='bbox 586 1066 728 1145; x_wconf 81' lang='lat' dir='ltr'><strong>operibus</strong></span> <span class='ocrx_word' id='word_1_61' title='bbox 742 1068 807 1127; x_wconf 86' lang='lat' dir='ltr'><strong>rrris</strong></span> <span class='ocrx_word' id='word_1_62' title='bbox 825 1051 949 1129; x_wconf 82' lang='lat' dir='ltr'><strong>verbum</strong></span> <span class='ocrx_word' id='word_1_63' title='bbox 962 1081 1001 1130; x_wconf 86' lang='lat' dir='ltr'><strong>rtt</strong></span> 
     </span>
     <span class='ocr_line' id='line_1_10' title="bbox 76 1164 878 1230; baseline 0.001 -8"><span class='ocrx_word' id='word_1_64' title='bbox 76 1164 196 1223; x_wconf 77' lang='lat' dir='ltr'><strong>hubent.</strong></span> <span class='ocrx_word' id='word_1_65' title='bbox 869 1210 878 1230; x_wconf 74' lang='lat'><em>,</em></span> 
     </span>
    </p>

    <p class='ocr_par' dir='ltr' id='par_1_3' title="bbox 66 1261 1001 3541">
     <span class='ocr_line' id='line_1_11' title="bbox 158 1261 1001 1348; baseline 0.008 -27"><span class='ocrx_word' id='word_1_66' title='bbox 158 1264 211 1323; x_wconf 78' lang='lat' dir='ltr'><strong>sic</strong></span> <span class='ocrx_word' id='word_1_67' title='bbox 230 1262 417 1323; x_wconf 76' lang='lat' dir='ltr'><strong>Hierusalem</strong></span> <span class='ocrx_word' id='word_1_68' title='bbox 430 1282 514 1323; x_wconf 88' lang='lat' dir='ltr'><strong>suam</strong></span> <span class='ocrx_word' id='word_1_69' title='bbox 530 1261 642 1335; x_wconf 77' lang='lat' dir='ltr'><strong>undet</strong></span> <span class='ocrx_word' id='word_1_70' title='bbox 665 1264 745 1340; x_wconf 86' lang='lat' dir='ltr'><strong>quod</strong></span> <span class='ocrx_word' id='word_1_71' title='bbox 765 1264 1001 1348; x_wconf 66' lang='lat' dir='ltr'><strong>autemsaepe</strong></span> 
     </span>
     <span class='ocr_line' id='line_1_12' title="bbox 75 1363 1001 1443; baseline 0.008 -22"><span class='ocrx_word' id='word_1_72' title='bbox 75 1382 156 1421; x_wconf 85' lang='lat' dir='ltr'><strong>mum</strong></span> <span class='ocrx_word' id='word_1_73' title='bbox 168 1363 381 1443; x_wconf 81' lang='lat' dir='ltr'><strong>spiritualiter,</strong></span> <span class='ocrx_word' id='word_1_74' title='bbox 403 1366 473 1441; x_wconf 86' lang='lat' dir='ltr'><strong>quia</strong></span> <span class='ocrx_word' id='word_1_75' title='bbox 492 1364 531 1421; x_wconf 86' lang='lat' dir='ltr'><strong>ibi</strong></span> <span class='ocrx_word' id='word_1_76' title='bbox 553 1376 601 1423; x_wconf 89' lang='lat' dir='ltr'><strong>est</strong></span> <span class='ocrx_word' id='word_1_77' title='bbox 619 1382 744 1441; x_wconf 70' lang='lat' dir='ltr'><strong>regnum</strong></span> <span class='ocrx_word' id='word_1_78' title='bbox 765 1371 797 1426; x_wconf 85' lang='lat' dir='ltr'><strong>et</strong></span> <span class='ocrx_word' id='word_1_79' title='bbox 816 1368 1001 1435; x_wconf 72' lang='lat' dir='ltr'><strong>autemeam</strong></span> 
     </span>
     <span class='ocr_line' id='line_1_13' title="bbox 76 1462 1001 1547; baseline 0.005 -25"><span class='ocrx_word' id='word_1_80' title='bbox 76 1466 198 1523; x_wconf 78' lang='lat' dir='ltr'><strong>rer-bum</strong></span> <span class='ocrx_word' id='word_1_81' title='bbox 218 1469 248 1525; x_wconf 92' lang='lat' dir='ltr'><strong>et</strong></span> <span class='ocrx_word' id='word_1_82' title='bbox 269 1464 369 1525; x_wconf 89' lang='lat' dir='ltr'><strong>cultus</strong></span> <span class='ocrx_word' id='word_1_83' title='bbox 390 1464 462 1538; x_wconf 86' lang='lat' dir='ltr'><strong>Dei,</strong></span> <span class='ocrx_word' id='word_1_84' title='bbox 482 1465 590 1527; x_wconf 88' lang='lat' dir='ltr'><strong>deinde</strong></span> <span class='ocrx_word' id='word_1_85' title='bbox 610 1470 698 1528; x_wconf 86' lang='lat' dir='ltr'><strong>etiam</strong></span> <span class='ocrx_word' id='word_1_86' title='bbox 720 1466 923 1547; x_wconf 74' lang='lat' dir='ltr'><strong>corporaliter,</strong></span> <span class='ocrx_word' id='word_1_87' title='bbox 942 1462 1001 1545; x_wconf 80' lang='lat' dir='ltr'><strong>quel</strong></span> 
     </span>
     <span class='ocr_line' id='line_1_14' title="bbox 74 1561 1001 1647; baseline 0.005 -26"><span class='ocrx_word' id='word_1_88' title='bbox 74 1564 165 1625; x_wconf 81' lang='lat' dir='ltr'><strong>babet</strong></span> <span class='ocrx_word' id='word_1_89' title='bbox 193 1581 293 1625; x_wconf 87' lang='lat' dir='ltr'><strong>muros</strong></span> <span class='ocrx_word' id='word_1_90' title='bbox 320 1570 352 1625; x_wconf 89' lang='lat' dir='ltr'><strong>et</strong></span> <span class='ocrx_word' id='word_1_91' title='bbox 379 1564 499 1637; x_wconf 84' lang='lat' dir='ltr'><strong>dentur,</strong></span> <span class='ocrx_word' id='word_1_92' title='bbox 528 1585 649 1647; x_wconf 82' lang='lat' dir='ltr'><strong>pacem,</strong></span> <span class='ocrx_word' id='word_1_93' title='bbox 684 1566 766 1646; x_wconf 74' lang='lat' dir='ltr'><strong>leges</strong></span> <span class='ocrx_word' id='word_1_94' title='bbox 795 1570 852 1625; x_wconf 82' lang='lat' dir='ltr'><strong>etc.</strong></span> <span class='ocrx_word' id='word_1_95' title='bbox 896 1561 1001 1627; x_wconf 84' lang='lat' dir='ltr'><strong>Seddt</strong></span> 
     </span>
     <span class='ocr_line' id='line_1_15' title="bbox 73 1661 1001 1745; baseline 0.002 -22"><span class='ocrx_word' id='word_1_96' title='bbox 73 1664 131 1725; x_wconf 87' lang='lat' dir='ltr'><strong>hoc</strong></span> <span class='ocrx_word' id='word_1_97' title='bbox 150 1664 356 1745; x_wconf 72' lang='lat' dir='ltr'><strong>principaliter</strong></span> <span class='ocrx_word' id='word_1_98' title='bbox 378 1684 435 1725; x_wconf 89' lang='lat' dir='ltr'><strong>nen</strong></span> <span class='ocrx_word' id='word_1_99' title='bbox 448 1661 589 1744; x_wconf 81' lang='lat' dir='ltr'><strong>loquitur.</strong></span> <span class='ocrx_word' id='word_1_100' title='bbox 633 1666 702 1726; x_wconf 88' lang='lat' dir='ltr'><strong>ldeo</strong></span> <span class='ocrx_word' id='word_1_101' title='bbox 718 1664 818 1727; x_wconf 83' lang='lat' dir='ltr'><strong>addit:</strong></span> <span class='ocrx_word' id='word_1_102' title='bbox 837 1663 1001 1727; x_wconf 71' lang='lat' dir='ltr'><strong>Aedificatur</strong></span> 
     </span>
     <span class='ocr_line' id='line_1_16' title="bbox 73 1750 1001 1847; baseline 0.003 -22"><span class='ocrx_word' id='word_1_103' title='bbox 73 1770 108 1826; x_wconf 88' lang='lat' dir='ltr'><strong>ut</strong></span> <span class='ocrx_word' id='word_1_104' title='bbox 128 1766 248 1835; x_wconf 81' lang='lat' dir='ltr'><strong>ciritae,</strong></span> <span class='ocrx_word' id='word_1_105' title='bbox 270 1766 299 1823; x_wconf 92' lang='lat' dir='ltr'><strong>in</strong></span> <span class='ocrx_word' id='word_1_106' title='bbox 320 1768 579 1847; x_wconf 77' lang='lat' dir='ltr'><strong>participationem</strong></span> <span class='ocrx_word' id='word_1_107' title='bbox 600 1767 728 1825; x_wconf 88' lang='lat' dir='ltr'><strong>omnium</strong></span> <span class='ocrx_word' id='word_1_108' title='bbox 757 1750 871 1837; x_wconf 85' lang='lat' dir='ltr'><strong>simul,&#39;</strong></span> <span class='ocrx_word' id='word_1_109' title='bbox 888 1766 944 1827; x_wconf 83' lang='lat' dir='ltr'><strong>hoe</strong></span> <span class='ocrx_word' id='word_1_110' title='bbox 960 1766 1001 1833; x_wconf 78' lang='lat' dir='ltr'><strong>etl,</strong></span> 
     </span>
     <span class='ocr_line' id='line_1_17' title="bbox 73 1858 1001 1943; baseline 0 -18"><span class='ocrx_word' id='word_1_111' title='bbox 73 1869 109 1925; x_wconf 88' lang='lat' dir='ltr'><strong>ut</strong></span> <span class='ocrx_word' id='word_1_112' title='bbox 129 1867 305 1925; x_wconf 81' lang='lat' dir='ltr'><strong>conveniant</strong></span> <span class='ocrx_word' id='word_1_113' title='bbox 320 1866 360 1924; x_wconf 87' lang='lat' dir='ltr'><strong>ibi</strong></span> <span class='ocrx_word' id='word_1_114' title='bbox 380 1866 513 1925; x_wconf 89' lang='lat' dir='ltr'><strong>homines</strong></span> <span class='ocrx_word' id='word_1_115' title='bbox 529 1865 568 1925; x_wconf 91' lang='lat' dir='ltr'><strong>ad</strong></span> <span class='ocrx_word' id='word_1_116' title='bbox 589 1858 702 1924; x_wconf 79' lang='lat' dir='ltr'><strong>callum</strong></span> <span class='ocrx_word' id='word_1_117' title='bbox 712 1864 777 1924; x_wconf 88' lang='lat' dir='ltr'><strong>Dei.</strong></span> <span class='ocrx_word' id='word_1_118' title='bbox 819 1865 923 1943; x_wconf 80' lang='lat' dir='ltr'><strong>ll&#39;eque</strong></span> <span class='ocrx_word' id='word_1_119' title='bbox 941 1862 1001 1924; x_wconf 72' lang='lat' dir='ltr'><strong>erin</strong></span> 
     </span>
     <span class='ocr_line' id='line_1_18' title="bbox 73 1964 1001 2045; baseline 0 -22"><span class='ocrx_word' id='word_1_120' title='bbox 73 1966 130 2023; x_wconf 83' lang='lat' dir='ltr'><strong>suit</strong></span> <span class='ocrx_word' id='word_1_121' title='bbox 149 1964 233 2023; x_wconf 85' lang='lat' dir='ltr'><strong>locus</strong></span> <span class='ocrx_word' id='word_1_122' title='bbox 255 1966 285 2023; x_wconf 91' lang='lat' dir='ltr'><strong>in</strong></span> <span class='ocrx_word' id='word_1_123' title='bbox 306 1969 367 2023; x_wconf 79' lang='lat' dir='ltr'><strong>toto</strong></span> <span class='ocrx_word' id='word_1_124' title='bbox 395 1965 521 2035; x_wconf 84' lang='lat' dir='ltr'><strong>mundo,</strong></span> <span class='ocrx_word' id='word_1_125' title='bbox 548 1984 605 2023; x_wconf 89' lang='lat' dir='ltr'><strong>nec</strong></span> <span class='ocrx_word' id='word_1_126' title='bbox 629 1966 660 2024; x_wconf 90' lang='lat' dir='ltr'><strong>iu</strong></span> <span class='ocrx_word' id='word_1_127' title='bbox 687 1964 748 2024; x_wconf 91' lang='lat' dir='ltr'><strong>ullo</strong></span> <span class='ocrx_word' id='word_1_128' title='bbox 776 1964 890 2045; x_wconf 89' lang='lat' dir='ltr'><strong>populo</strong></span> <span class='ocrx_word' id='word_1_129' title='bbox 916 1966 1001 2025; x_wconf 71' lang='lat' dir='ltr'><strong>muel!</strong></span> 
     </span>
     <span class='ocr_line' id='line_1_19' title="bbox 73 2058 1001 2143; baseline 0 -20"><span class='ocrx_word' id='word_1_130' title='bbox 73 2065 158 2123; x_wconf 84' lang='lat' dir='ltr'><strong>locus</strong></span> <span class='ocrx_word' id='word_1_131' title='bbox 179 2069 234 2134; x_wconf 85' lang='lat' dir='ltr'><strong>est,</strong></span> <span class='ocrx_word' id='word_1_132' title='bbox 254 2066 285 2122; x_wconf 93' lang='lat' dir='ltr'><strong>in</strong></span> <span class='ocrx_word' id='word_1_133' title='bbox 306 2080 365 2139; x_wconf 84' lang='lat' dir='ltr'><strong>quo</strong></span> <span class='ocrx_word' id='word_1_134' title='bbox 386 2066 518 2141; x_wconf 87' lang='lat' dir='ltr'><strong>oportuit</strong></span> <span class='ocrx_word' id='word_1_135' title='bbox 538 2062 682 2143; x_wconf 91' lang='lat' dir='ltr'><strong>populum</strong></span> <span class='ocrx_word' id='word_1_136' title='bbox 703 2066 879 2143; x_wconf 71' lang='lat' dir='ltr'><strong>congregari</strong></span> <span class='ocrx_word' id='word_1_137' title='bbox 899 2064 938 2126; x_wconf 81' lang='lat' dir='ltr'><strong>ud</strong></span> <span class='ocrx_word' id='word_1_138' title='bbox 954 2058 1001 2123; x_wconf 82' lang='lat' dir='ltr'><strong>orl·</strong></span> 
     </span>
     <span class='ocr_line' id='line_1_20' title="bbox 73 2162 1001 2240; baseline 0 -17"><span class='ocrx_word' id='word_1_139' title='bbox 73 2170 138 2223; x_wconf 88' lang='lat' dir='ltr'><strong>tum</strong></span> <span class='ocrx_word' id='word_1_140' title='bbox 159 2164 230 2233; x_wconf 87' lang='lat' dir='ltr'><strong>Dei,</strong></span> <span class='ocrx_word' id='word_1_141' title='bbox 253 2182 342 2240; x_wconf 85' lang='lat' dir='ltr'><strong>quam</strong></span> <span class='ocrx_word' id='word_1_142' title='bbox 363 2164 394 2222; x_wconf 88' lang='lat' dir='ltr'><strong>iu</strong></span> <span class='ocrx_word' id='word_1_143' title='bbox 415 2164 464 2222; x_wconf 89' lang='lat' dir='ltr'><strong>illc</strong></span> <span class='ocrx_word' id='word_1_144' title='bbox 484 2182 543 2221; x_wconf 89' lang='lat' dir='ltr'><strong>uno</strong></span> <span class='ocrx_word' id='word_1_145' title='bbox 562 2162 638 2233; x_wconf 85' lang='lat' dir='ltr'><strong>loce,</strong></span> <span class='ocrx_word' id='word_1_146' title='bbox 659 2165 691 2223; x_wconf 89' lang='lat' dir='ltr'><strong>iu</strong></span> <span class='ocrx_word' id='word_1_147' title='bbox 710 2162 909 2236; x_wconf 76' lang='lat' dir='ltr'><strong>Hierusalem,</strong></span> <span class='ocrx_word' id='word_1_148' title='bbox 929 2163 1001 2239; x_wconf 62' lang='lat' dir='ltr'><strong>idua</strong></span> 
     </span>
     <span class='ocr_line' id='line_1_21' title="bbox 74 2259 1001 2344; baseline -0.001 -22"><span class='ocrx_word' id='word_1_149' title='bbox 74 2283 132 2322; x_wconf 88' lang='lat' dir='ltr'><strong>non</strong></span> <span class='ocrx_word' id='word_1_150' title='bbox 153 2266 332 2325; x_wconf 85' lang='lat' dir='ltr'><strong>auctoritate</strong></span> <span class='ocrx_word' id='word_1_151' title='bbox 352 2264 496 2335; x_wconf 86' lang='lat' dir='ltr'><strong>humana,</strong></span> <span class='ocrx_word' id='word_1_152' title='bbox 524 2263 577 2321; x_wconf 85' lang='lat' dir='ltr'><strong>sed</strong></span> <span class='ocrx_word' id='word_1_153' title='bbox 599 2262 712 2336; x_wconf 83' lang='lat' dir='ltr'><strong>divina,</strong></span> <span class='ocrx_word' id='word_1_154' title='bbox 740 2262 804 2323; x_wconf 84' lang='lat' dir='ltr'><strong>Deo</strong></span> <span class='ocrx_word' id='word_1_155' title='bbox 824 2264 890 2344; x_wconf 84' lang='lat' dir='ltr'><strong>ipso</strong></span> <span class='ocrx_word' id='word_1_156' title='bbox 910 2259 1001 2339; x_wconf 70' lang='lat' dir='ltr'><strong>siclt·</strong></span> 
     </span>
     <span class='ocr_line' id='line_1_22' title="bbox 72 2348 1001 2452; baseline -0.009 -29"><span class='ocrx_word' id='word_1_157' title='bbox 72 2365 162 2424; x_wconf 87' lang='lat' dir='ltr'><strong>beuta</strong></span> <span class='ocrx_word' id='word_1_158' title='bbox 183 2369 214 2425; x_wconf 88' lang='lat' dir='ltr'><strong>et</strong></span> <span class='ocrx_word' id='word_1_159' title='bbox 235 2365 399 2424; x_wconf 84' lang='lat' dir='ltr'><strong>ordinante.</strong></span> <span class='ocrx_word' id='word_1_160' title='bbox 441 2364 499 2423; x_wconf 84' lang='lat' dir='ltr'><strong>Est</strong></span> <span class='ocrx_word' id='word_1_161' title='bbox 520 2365 596 2422; x_wconf 88' lang='lat' dir='ltr'><strong>enim</strong></span> <span class='ocrx_word' id='word_1_162' title='bbox 619 2364 703 2440; x_wconf 85' lang='lat' dir='ltr'><strong>quasi</strong></span> <span class='ocrx_word' id='word_1_163' title='bbox 724 2362 868 2452; x_wconf 81' lang='lat' dir='ltr'><strong>expositio</strong></span> <span class='ocrx_word' id='word_1_164' title='bbox 888 2348 1001 2421; x_wconf 75' lang='lat' dir='ltr'><strong>illiurit</strong></span> 
     </span>
     <span class='ocr_line' id='line_1_23' title="bbox 72 2457 1000 2546; baseline -0.002 -23"><span class='ocrx_word' id='word_1_165' title='bbox 72 2464 179 2524; x_wconf 81' lang='lat' dir='ltr'><strong>exodo:</strong></span> <span class='ocrx_word' id='word_1_166' title='bbox 200 2465 273 2535; x_wconf 67' lang='lat' dir='ltr'><strong>„Ubi</strong></span> <span class='ocrx_word' id='word_1_167' title='bbox 286 2465 384 2524; x_wconf 86' lang='lat' dir='ltr'><strong>iecere</strong></span> <span class='ocrx_word' id='word_1_168' title='bbox 399 2466 568 2524; x_wconf 84' lang='lat' dir='ltr'><strong>memoriam</strong></span> <span class='ocrx_word' id='word_1_169' title='bbox 579 2464 703 2523; x_wconf 86' lang='lat' dir='ltr'><strong>nominis</strong></span> <span class='ocrx_word' id='word_1_170' title='bbox 716 2464 800 2533; x_wconf 89' lang='lat' dir='ltr'><strong>mei,“</strong></span> <span class='ocrx_word' id='word_1_171' title='bbox 821 2462 907 2538; x_wconf 81' lang='lat' dir='ltr'><strong>quasi</strong></span> <span class='ocrx_word' id='word_1_172' title='bbox 918 2457 1000 2546; x_wconf 63' lang='lat' dir='ltr'><strong>diat?</strong></span> 
     </span>
     <span class='ocr_line' id='line_1_24' title="bbox 72 2548 1001 2641; baseline -0.002 -19"><span class='ocrx_word' id='word_1_173' title='bbox 72 2564 124 2624; x_wconf 88' lang='lat' dir='ltr'><strong>ille</strong></span> <span class='ocrx_word' id='word_1_174' title='bbox 145 2566 228 2624; x_wconf 88' lang='lat' dir='ltr'><strong>locus</strong></span> <span class='ocrx_word' id='word_1_175' title='bbox 250 2567 296 2624; x_wconf 86' lang='lat' dir='ltr'><strong>est</strong></span> <span class='ocrx_word' id='word_1_176' title='bbox 322 2564 526 2636; x_wconf 86' lang='lat' dir='ltr'><strong>Hierusalem,</strong></span> <span class='ocrx_word' id='word_1_177' title='bbox 555 2566 585 2623; x_wconf 91' lang='lat' dir='ltr'><strong>in</strong></span> <span class='ocrx_word' id='word_1_178' title='bbox 615 2582 672 2640; x_wconf 91' lang='lat' dir='ltr'><strong>quo</strong></span> <span class='ocrx_word' id='word_1_179' title='bbox 704 2566 823 2641; x_wconf 86' lang='lat' dir='ltr'><strong>oportet</strong></span> <span class='ocrx_word' id='word_1_180' title='bbox 844 2548 1001 2641; x_wconf 69' lang='lat' dir='ltr'><strong>congrepssl</strong></span> 
     </span>
     <span class='ocr_line' id='line_1_25' title="bbox 71 2654 1001 2745; baseline -0.006 -21"><span class='ocrx_word' id='word_1_181' title='bbox 71 2664 215 2745; x_wconf 84' lang='lat' dir='ltr'><strong>populum</strong></span> <span class='ocrx_word' id='word_1_182' title='bbox 236 2664 300 2735; x_wconf 87' lang='lat' dir='ltr'><strong>Dei,</strong></span> <span class='ocrx_word' id='word_1_183' title='bbox 321 2666 372 2723; x_wconf 91' lang='lat' dir='ltr'><strong>ubi</strong></span> <span class='ocrx_word' id='word_1_184' title='bbox 393 2664 475 2724; x_wconf 84' lang='lat' dir='ltr'><strong>Deus</strong></span> <span class='ocrx_word' id='word_1_185' title='bbox 496 2665 589 2735; x_wconf 85' lang='lat' dir='ltr'><strong>sedet,</strong></span> <span class='ocrx_word' id='word_1_186' title='bbox 611 2684 669 2740; x_wconf 88' lang='lat' dir='ltr'><strong>quo</strong></span> <span class='ocrx_word' id='word_1_187' title='bbox 691 2662 846 2722; x_wconf 81' lang='lat' dir='ltr'><strong>confluunt</strong></span> <span class='ocrx_word' id='word_1_188' title='bbox 865 2654 1001 2721; x_wconf 71' lang='lat' dir='ltr'><strong>amnesi!</strong></span> 
     </span>
     <span class='ocr_line' id='line_1_26' title="bbox 74 2743 1001 2837; baseline -0.008 -11"><span class='ocrx_word' id='word_1_189' title='bbox 74 2766 210 2826; x_wconf 87' lang='lat' dir='ltr'><strong>omnibus</strong></span> <span class='ocrx_word' id='word_1_190' title='bbox 231 2766 460 2825; x_wconf 85' lang='lat' dir='ltr'><strong>necessitatibus</strong></span> <span class='ocrx_word' id='word_1_191' title='bbox 481 2765 647 2825; x_wconf 83' lang='lat' dir='ltr'><strong>invocaturi</strong></span> <span class='ocrx_word' id='word_1_192' title='bbox 684 2762 767 2837; x_wconf 72' lang='lat' dir='ltr'><strong>euml,</strong></span> <span class='ocrx_word' id='word_1_193' title='bbox 789 2760 923 2821; x_wconf 80' lang='lat' dir='ltr'><strong>audituri</strong></span> <span class='ocrx_word' id='word_1_194' title='bbox 940 2743 1001 2819; x_wconf 71' lang='lat' dir='ltr'><strong>eall</strong></span> 
     </span>
     <span class='ocr_line' id='line_1_27' title="bbox 71 2859 1001 2936; baseline -0.009 -9"><span class='ocrx_word' id='word_1_195' title='bbox 71 2865 266 2927; x_wconf 86' lang='lat' dir='ltr'><strong>sacrificaturi</strong></span> <span class='ocrx_word' id='word_1_196' title='bbox 286 2867 313 2924; x_wconf 86' lang='lat' dir='ltr'><strong>ei</strong></span> <span class='ocrx_word' id='word_1_197' title='bbox 333 2870 390 2925; x_wconf 82' lang='lat' dir='ltr'><strong>etc</strong></span> <span class='ocrx_word' id='word_1_198' title='bbox 432 2864 511 2924; x_wconf 87' lang='lat' dir='ltr'><strong>Hine</strong></span> <span class='ocrx_word' id='word_1_199' title='bbox 532 2864 629 2934; x_wconf 81' lang='lat' dir='ltr'><strong>vide&#39;s,</strong></span> <span class='ocrx_word' id='word_1_200' title='bbox 650 2863 730 2926; x_wconf 89' lang='lat' dir='ltr'><strong>uude</strong></span> <span class='ocrx_word' id='word_1_201' title='bbox 751 2862 803 2931; x_wconf 84' lang='lat' dir='ltr'><strong>sit,</strong></span> <span class='ocrx_word' id='word_1_202' title='bbox 828 2859 1001 2936; x_wconf 71' lang='lat' dir='ltr'><strong>queantur</strong></span> 
     </span>
     <span class='ocr_line' id='line_1_28' title="bbox 71 2957 1001 3049; baseline -0.008 -24"><span class='ocrx_word' id='word_1_203' title='bbox 71 2965 136 3027; x_wconf 84' lang='lat' dir='ltr'><strong>aliis</strong></span> <span class='ocrx_word' id='word_1_204' title='bbox 158 2969 188 3026; x_wconf 92' lang='lat' dir='ltr'><strong>in</strong></span> <span class='ocrx_word' id='word_1_205' title='bbox 208 2966 280 3025; x_wconf 83' lang='lat' dir='ltr'><strong>locis</strong></span> <span class='ocrx_word' id='word_1_206' title='bbox 300 2968 435 3037; x_wconf 86' lang='lat' dir='ltr'><strong>orantes,</strong></span> <span class='ocrx_word' id='word_1_207' title='bbox 461 2968 560 3023; x_wconf 86' lang='lat' dir='ltr'><strong>tamen</strong></span> <span class='ocrx_word' id='word_1_208' title='bbox 582 2981 633 3022; x_wconf 89' lang='lat' dir='ltr'><strong>ora</strong></span> <span class='ocrx_word' id='word_1_209' title='bbox 654 2964 808 3021; x_wconf 76' lang='lat' dir='ltr'><strong>rer-terunt</strong></span> <span class='ocrx_word' id='word_1_210' title='bbox 828 2957 1001 3049; x_wconf 50' lang='lat' dir='ltr'><strong>Hieruscltf</strong></span> 
     </span>
     <span class='ocr_line' id='line_1_29' title="bbox 69 3058 1001 3142; baseline -0.012 -15"><span class='ocrx_word' id='word_1_211' title='bbox 69 3085 188 3138; x_wconf 85' lang='lat' dir='ltr'><strong>versus,</strong></span> <span class='ocrx_word' id='word_1_212' title='bbox 219 3066 289 3142; x_wconf 84' lang='lat' dir='ltr'><strong>qrria</strong></span> <span class='ocrx_word' id='word_1_213' title='bbox 309 3067 452 3125; x_wconf 83' lang='lat' dir='ltr'><strong>noverant</strong></span> <span class='ocrx_word' id='word_1_214' title='bbox 473 3062 556 3133; x_wconf 81' lang='lat' dir='ltr'><strong>illum</strong></span> <span class='ocrx_word' id='word_1_215' title='bbox 576 3061 672 3121; x_wconf 90' lang='lat' dir='ltr'><strong>locum</strong></span> <span class='ocrx_word' id='word_1_216' title='bbox 695 3059 785 3120; x_wconf 89' lang='lat' dir='ltr'><strong>adid</strong></span> <span class='ocrx_word' id='word_1_217' title='bbox 807 3058 949 3131; x_wconf 82' lang='lat' dir='ltr'><strong>electum,</strong></span> <span class='ocrx_word' id='word_1_218' title='bbox 976 3062 1001 3109; x_wconf 80' lang='lat' dir='ltr'><strong>u·</strong></span> 
     </span>
     <span class='ocr_line' id='line_1_30' title="bbox 70 3156 1001 3244; baseline -0.011 -17"><span class='ocrx_word' id='word_1_219' title='bbox 70 3166 152 3227; x_wconf 86' lang='lat' dir='ltr'><strong>Deus</strong></span> <span class='ocrx_word' id='word_1_220' title='bbox 173 3168 213 3225; x_wconf 90' lang='lat' dir='ltr'><strong>ibi</strong></span> <span class='ocrx_word' id='word_1_221' title='bbox 235 3165 352 3225; x_wconf 86' lang='lat' dir='ltr'><strong>audiret</strong></span> <span class='ocrx_word' id='word_1_222' title='bbox 371 3182 478 3244; x_wconf 86' lang='lat' dir='ltr'><strong>preces</strong></span> <span class='ocrx_word' id='word_1_223' title='bbox 499 3180 628 3223; x_wconf 84' lang='lat' dir='ltr'><strong>suorum.</strong></span> <span class='ocrx_word' id='word_1_224' title='bbox 670 3161 754 3219; x_wconf 86' lang='lat' dir='ltr'><strong>Haec</strong></span> <span class='ocrx_word' id='word_1_225' title='bbox 774 3163 821 3219; x_wconf 85' lang='lat' dir='ltr'><strong>eat</strong></span> <span class='ocrx_word' id='word_1_226' title='bbox 841 3157 938 3237; x_wconf 76' lang='lat' dir='ltr'><strong>gloria</strong></span> <span class='ocrx_word' id='word_1_227' title='bbox 960 3156 1001 3217; x_wconf 74' lang='lat' dir='ltr'><strong>hu</strong></span> 
     </span>
     <span class='ocr_line' id='line_1_31' title="bbox 66 3246 1001 3346; baseline -0.014 -18"><span class='ocrx_word' id='word_1_228' title='bbox 66 3269 118 3346; x_wconf 85' lang='lat' dir='ltr'><strong>jus</strong></span> <span class='ocrx_word' id='word_1_229' title='bbox 139 3267 210 3338; x_wconf 90' lang='lat' dir='ltr'><strong>loci,</strong></span> <span class='ocrx_word' id='word_1_230' title='bbox 232 3267 280 3324; x_wconf 89' lang='lat' dir='ltr'><strong>cui</strong></span> <span class='ocrx_word' id='word_1_231' title='bbox 300 3264 383 3325; x_wconf 91' lang='lat' dir='ltr'><strong>nulla</strong></span> <span class='ocrx_word' id='word_1_232' title='bbox 403 3246 505 3323; x_wconf 83' lang='lat' dir='ltr'><strong>mundi</strong></span> <span class='ocrx_word' id='word_1_233' title='bbox 519 3261 620 3341; x_wconf 72' lang='lat' dir='ltr'><strong>-gloria</strong></span> <span class='ocrx_word' id='word_1_234' title='bbox 640 3262 738 3341; x_wconf 86' lang='lat' dir='ltr'><strong>potuit</strong></span> <span class='ocrx_word' id='word_1_235' title='bbox 758 3276 815 3339; x_wconf 87' lang='lat' dir='ltr'><strong>par</strong></span> <span class='ocrx_word' id='word_1_236' title='bbox 835 3276 911 3319; x_wconf 87' lang='lat' dir='ltr'><strong>esse.</strong></span> <span class='ocrx_word' id='word_1_237' title='bbox 946 3256 1001 3316; x_wconf 68' lang='lat' dir='ltr'><strong>lde</strong></span> 
     </span>
     <span class='ocr_line' id='line_1_32' title="bbox 69 3352 1001 3438; baseline -0.012 -10"><span class='ocrx_word' id='word_1_238' title='bbox 69 3370 100 3427; x_wconf 88' lang='lat' dir='ltr'><strong>iu</strong></span> <span class='ocrx_word' id='word_1_239' title='bbox 120 3368 271 3427; x_wconf 85' lang='lat' dir='ltr'><strong>Matthaeo</strong></span> <span class='ocrx_word' id='word_1_240' title='bbox 294 3370 398 3426; x_wconf 86' lang='lat' dir='ltr'><strong>sancta</strong></span> <span class='ocrx_word' id='word_1_241' title='bbox 419 3364 537 3432; x_wconf 88' lang='lat' dir='ltr'><strong>dicitur,</strong></span> <span class='ocrx_word' id='word_1_242' title='bbox 559 3366 589 3421; x_wconf 89' lang='lat' dir='ltr'><strong>et</strong></span> <span class='ocrx_word' id='word_1_243' title='bbox 609 3363 657 3420; x_wconf 87' lang='lat' dir='ltr'><strong>hie</strong></span> <span class='ocrx_word' id='word_1_244' title='bbox 671 3352 737 3420; x_wconf 81' lang='lat' dir='ltr'><strong>t&#39;am·</strong></span> <span class='ocrx_word' id='word_1_245' title='bbox 752 3356 909 3437; x_wconf 77' lang='lat' dir='ltr'><strong>magnifice</strong></span> <span class='ocrx_word' id='word_1_246' title='bbox 928 3362 1001 3438; x_wconf 69' lang='lat' dir='ltr'><strong>prot</strong></span> 
     </span>
     <span class='ocr_line' id='line_1_33' title="bbox 70 3463 1001 3541; baseline -0.015 -11"><span class='ocrx_word' id='word_1_247' title='bbox 70 3471 189 3530; x_wconf 87' lang='lat' dir='ltr'><strong>dicatur</strong></span> <span class='ocrx_word' id='word_1_248' title='bbox 210 3486 228 3527; x_wconf 90' lang='lat' dir='ltr'><strong>a</strong></span> <span class='ocrx_word' id='word_1_249' title='bbox 248 3466 377 3537; x_wconf 84' lang='lat' dir='ltr'><strong>Davide,</strong></span> <span class='ocrx_word' id='word_1_250' title='bbox 399 3482 568 3540; x_wconf 83' lang='lat' dir='ltr'><strong>quenquam</strong></span> <span class='ocrx_word' id='word_1_251' title='bbox 588 3468 713 3541; x_wconf 87' lang='lat' dir='ltr'><strong>propter</strong></span> <span class='ocrx_word' id='word_1_252' title='bbox 731 3463 890 3538; x_wconf 86' lang='lat' dir='ltr'><strong>peecatum</strong></span> <span class='ocrx_word' id='word_1_253' title='bbox 910 3466 1001 3537; x_wconf 79' lang='lat' dir='ltr'><strong>poste</strong></span> 
     </span>
    </p>
   </div>
   <div class='ocr_carea' id='block_1_3' title="bbox 67 3546 1001 3751">
    <p class='ocr_par' dir='ltr' id='par_1_4' title="bbox 67 3546 1001 3751">
     <span class='ocr_line' id='line_1_34' title="bbox 69 3546 1001 3650; baseline -0.015 -21"><span class='ocrx_word' id='word_1_254' title='bbox 69 3588 88 3629; x_wconf 91' lang='lat' dir='ltr'><strong>a</strong></span> <span class='ocrx_word' id='word_1_255' title='bbox 115 3570 253 3650; x_wconf 72' lang='lat' dir='ltr'><strong>gentibus</strong></span> <span class='ocrx_word' id='word_1_256' title='bbox 280 3568 438 3648; x_wconf 74' lang='lat' dir='ltr'><strong>profanata</strong></span> <span class='ocrx_word' id='word_1_257' title='bbox 466 3566 513 3624; x_wconf 86' lang='lat' dir='ltr'><strong>sit.</strong></span> <span class='ocrx_word' id='word_1_258' title='bbox 557 3561 618 3621; x_wconf 83' lang='lat' dir='ltr'><strong>Sed</strong></span> <span class='ocrx_word' id='word_1_259' title='bbox 645 3578 699 3622; x_wconf 87' lang='lat' dir='ltr'><strong>eur</strong></span> <span class='ocrx_word' id='word_1_260' title='bbox 726 3561 947 3638; x_wconf 75' lang='lat' dir='ltr'><strong>congregantur</strong></span> <span class='ocrx_word' id='word_1_261' title='bbox 971 3546 1001 3615; x_wconf 80' lang='lat' dir='ltr'><strong>il</strong></span> 
     </span>
     <span class='ocr_line' id='line_1_35' title="bbox 67 3670 193 3751; baseline -0.008 -23"><span class='ocrx_word' id='word_1_262' title='bbox 67 3670 171 3751; x_wconf 85' lang='lat' dir='ltr'><strong>pepuli</strong></span> <span class='ocrx_word' id='word_1_263' title='bbox 183 3670 193 3727; x_wconf 85' lang='lat' dir='ltr'><strong>l</strong></span> 
     </span>
    </p>
   </div>
   <div class='ocr_carea' id='block_1_4' title="bbox 0 0 1106 4058">
    <p class='ocr_par' dir='ltr' id='par_1_5' title="bbox 0 0 1106 4058">
     <span class='ocr_line' id='line_1_36' title="bbox 0 0 1106 4058; baseline 0 1"><span class='ocrx_word' id='word_1_264' title='bbox 0 0 1106 4058; x_wconf 95' lang='lat' dir='ltr'><strong> </strong></span> 
     </span>
    </p>
   </div>
  </div>
 </body>
</html>
