2190 4064
102 246 164 306 28⁰
416 240 728 307 Praelectiones

102 398 183 469 onis,
210 395 296 476 cujus
316 395 366 456 hic
385 396 517 457 meminit
538 394 650 470 David,
679 396 759 476 quod
781 396 867 461 Deus
890 403 958 464 tum
978 403 1057 468 ulcu
1087 475 1090 482 ,

102 505 133 556 et
155 501 268 567 serrat,
298 515 365 554 cnm
383 496 507 574 jamjam
527 496 662 556 videmur
688 499 827 578 perituri.
871 501 928 563 Sic
955 504 1056 584 psalm.
1087 503 1090 518 '

102 600 153 657 oa.
186 596 281 672 [9412
308 596 390 666 „Nisi
421 596 556 655 (lominus
584 595 748 675 adjuvisset
772 616 837 672 me,
867 601 1056 681 paulominus

100 695 267 755 habitasset
287 696 317 752 in
339 696 452 754 inferne
474 696 572 754 anima
591 701 686 755 mea“
726 697 800 757 Nam
815 697 875 760 hoc
894 703 1057 786 experimur

100 797 207 867 iniis,
238 796 290 871 qui
317 796 457 855 tristitiae
476 796 586 874 spiritu
615 796 750 876 oppressi
777 800 866 869 sunt,
899 818 971 862 eum
989 803 1058 882 J'um·

98 894 162 974 jam
182 893 374 974 desperaturi
396 913 463 954 esse
483 893 638 967 ridentur,
659 896 745 973 quusi
764 896 796 956 iu
816 896 928 961 ultimo
948 908 1056 983 puuoio

100 993 227 1072 effulget
246 992 408 1054 consolatio
429 996 486 1054 ete

183 1094 236 1154 Sic
256 1094 349 1174 igitur
369 1096 417 1153 est
438 1093 499 1152 rita
519 1095 623 1153 nostra
643 1093 777 1174 exposita
795 1091 917 1174 laqueis
939 1098 1056 1176 diaboli,

100 1198 133 1255 et
153 1211 207 1253 nos
228 1212 331 1254 sumus
353 1209 409 1253 ceu
430 1189 541 1251 stultae
566 1191 714 1264 oriculae,
742 1193 851 1270 qur'bus
874 1196 977 1263 Setun
997 1205 1057 1262 ien-

100 1296 146 1354 rlit
174 1294 265 1365 retia,
291 1310 351 1352 non
379 1290 475 1351 solum
496 1294 532 1352 ut
556 1292 647 1351 sitam
667 1292 752 1354 nobis
781 1291 910 1369 eumne,
942 1298 1057 1362 redut

98 1394 240 1473 conjiciat
270 1394 299 1451 in
327 1395 467 1472 peccata,
506 1394 538 1450 ei
565 1389 631 1451 aliis
666 1390 886 1474 calamitatibus
917 1396 1055 1462 inrolrut

98 1498 135 1555 Si
155 1494 290 1556 occidere
308 1495 424 1573 polest,
444 1490 531 1562 lacit,
552 1490 579 1551 si
598 1508 656 1550 non
677 1494 794 1572 potest,
815 1490 926 1555 saltem
948 1496 991 1558 ad
1011 1517 1056 1580 ,⁰¹-

98 1615 166 1656 sum
192 1591 394 1675 periculorum
423 1589 557 1671 impellit.
599 1590 656 1650 Est
683 1592 761 1650 enirn
788 1596 876 1673 pater
906 1598 1054 1662 mendacii

99 1702 132 1756 ei
151 1692 306 1755 homicida.
348 1690 439 1756 Quod
460 1692 551 1770 igitur
576 1708 635 1749 non
662 1690 848 1764 seducimur,
874 1694 934 1754 sed
955 1695 1055 1758 deleu-

99 1796 198 1854 (limur
219 1812 237 1853 a
258 1790 413 1851 mendacio
435 1796 466 1849 ct
479 1791 621 1869 peccatis,
639 1808 675 1849 ac
686 1791 748 1849 vita
761 1790 902 1854 incolumi
917 1795 1053 1872 fruimur,

97 1897 170 1953 sunt
189 1883 252 1951 Dci'
268 1890 354 1950 dona.
396 1890 465 1948 ldeo
495 1893 594 1948 autem
620 1888 654 1948 fit
685 1888 863 1966 aliquando,
890 1885 929 1952 ut'
959 1895 1074 1957 Setun·

97 1991 221 2062 efficiat,
250 1989 330 2066 quod
356 1987 436 2059 vult,
467 1992 497 2046 et
517 1994 623 2049 noceat
644 1994 697 2049 aut
718 1991 892 2070 corporibus
915 1998 971 2054 aut
991 1997 1052 2062 ani·

96 2092 217 2160 maius,
242 2092 277 2147 ut
296 2086 379 2146 Deus
401 2105 454 2146 nos
476 2086 632 2148 admoneat
651 2088 853 2169 periculorum
874 2090 1000 2168 talium,
1021 2099 1049 2156 et

97 2190 259 2250 exsuscitet
279 2187 318 2247 ad
339 2184 427 2244 fidem
448 2203 484 2244 ac
505 2188 680 2260 orationem,
708 2194 744 2249 ut
768 2194 873 2249 contra
892 2190 987 2254 hosce
1007 2195 1048 2254 in·

95 2288 194 2349 finitos
216 2291 247 2347 et
267 2286 497 2347 innumerabiles
517 2285 640 2363 laqueos
661 2287 853 2368 impleremus
875 2289 944 2370 ejus
968 2293 1046 2354 auri·

95 2388 183 2462 lium,
204 2393 236 2448 ct
256 2388 367 2449 servati
388 2404 510 2467 agamus
533 2386 560 2445 ei
580 2388 702 2466 gratias.
989 2453 994 2460 ,

94 2490 168 2552 llll.
207 2485 465 2566 ndjutorium
501 2490 679 2547 nostrum
715 2492 776 2548 est
812 2488 852 2548 iu
888 2492 1040 2553 nomine

178 2588 336 2659 donrini,
365 2588 431 2663 qui
451 2587 552 2648 lecit
572 2585 725 2647 coelum
746 2590 788 2647 ct
808 2591 964 2653 terram.
1087 2569 1091 2608 ³

170 2688 255 2748 llaec
276 2691 323 2747 est
344 2686 492 2748 conclusio
514 2688 677 2768 gratiarum
698 2687 832 2759 actionis,
851 2671 932 2766 oneo
953 2688 1034 2752 couti·
1080 2669 1085 2706 ³

93 2793 147 2849 net
169 2789 313 2866 insignem
334 2788 527 2857 sententiam,
548 2784 628 2863 quod
649 2788 754 2844 contra
772 2793 950 2866 peccatum,
966 2806 1031 2850 mor.
1080 2767 1091 2825 3

92 2892 154 2947 tem
176 2891 207 2948 et
227 2887 285 2946 alia
304 2884 440 2965 pericula
461 2884 543 2943 nulla
564 2886 603 2945 sit
624 2883 719 2955 salus,
751 2903 840 2961 quam
861 2905 969 2950 nomon
987 2885 1028 2948 clo·
1078 2863 1091 2911 ⁸¹

91 2988 172 3045 mini.
214 2985 279 3046 lloc
295 2987 351 3044 nisi
364 2986 452 3053 esset,
473 2984 577 3058 inquit,
597 3001 752 3043 rucremus
769 2985 798 3042 in
814 2987 908 3048 omnis
924 2984 1025 3066 generis
1078 2961 1092 3008 Σ·

91 3088 231 3164 peccata,
269 3088 299 3143 in
336 3082 548 3163 blasphemias,
584 3099 713 3154 errator,
748 3083 818 3143 item
845 3086 877 3144 in
906 3073 1022 3168 periculo
1078 3059 1092 3170 Σ

92 3185 196 3244 omnia.
241 3184 301 3243 Sed
322 3183 502 3262 adjutorium
523 3183 656 3239 nostrum
677 3186 723 3240 cst
744 3183 774 3240 in
791 3179 1020 3249 nominedominl
1083 3175 1092 3209 ²

91 3282 276 3342 defendentis
305 3288 409 3342 contra
435 3281 509 3338 hacc
541 3283 571 3338 et
604 3283 748 3340 servantis
776 3281 864 3343 fidem
893 3289 924 3345 ct
947 3286 1020 3344 vitm

89 3386 222 3442 nostram
254 3388 356 3440 contra
394 3383 535 3439 Seianam
566 3381 596 3437 ct
624 3380 774 3439 mundum.
824 3367 910 3443 Sicut
937 3386 1019 3443 auten
1074 3429 1077 3436 .

90 3481 259 3562 superiora,
290 3482 333 3539 ita
360 3480 409 3538 hic
437 3496 554 3555 quoque
574 3497 677 3538 versus
698 3481 823 3558 probol,
851 3461 932 3560 orroei
951 3481 1019 3558 Deus
1076 3471 1092 3568 Σ

89 3583 159 3642 sinit
186 3583 304 3639 sanctos
333 3597 402 3638 suos
429 3578 552 3649 tentari,
585 3582 616 3637 ot
644 3579 674 3636 in
706 3567 867 3641 tentation'e
894 3583 1020 3659 tanquam
1077 3565 1091 3676 ,Σ

88 3683 119 3743 in
148 3682 232 3758 aquis
259 3680 303 3741 sic
331 3679 509 3760 periclitari,
546 3679 581 3739 ut
609 3677 764 3739 rideantur
801 3682 927 3774 perituri
954 3689 1021 3741 esst·
1079 3671 1092 3778 Σ

192 3995 256 4028 Α
491 4007 555 4028 a..
