2204 4058
63 128 68 138 ·
110 104 170 167 178
399 58 403 75 Ι
476 104 694 183 Enarratio

89 253 184 315 'coeii
207 260 237 315 et
258 259 358 316 terrae
372 254 547 321 adorabant.
588 258 662 321 Nam
674 234 764 321 [ioue¹
774 260 868 321 aerbo
884 279 940 323 ouo
956 260 1060 343 signifi·

110 363 195 419 rarat
215 378 249 419 oe
269 359 431 421 affuturum
445 368 485 441 'et
505 364 679 447 auditurum
700 365 740 423 ibi
759 382 870 443 preces
893 367 940 425 sui
952 368 1061 448 populi.

71 540 75 545 ¹
114 502 121 515 ·
192 465 245 525 Sic
276 484 329 527 noa
360 469 554 547 respitientes
588 469 619 527 io
646 468 799 528 Christum
832 477 867 529 et
896 470 1059 543 adorantes,

89 588 213 627 ,verum
234 568 329 629 Deum
352 570 519 643 adoramus,
540 592 608 633 uam
629 572 713 632 Deua
735 573 764 631 in
782 572 906 649 Christo
929 594 964 636 ae
984 596 1060 637 rere·

110 673 192 733 lavit.
234 675 302 733 ideo
312 675 451 735 Christus
473 696 591 753 qnoque
612 677 699 737 dicit:
743 676 924 755 „Quidquid
945 699 1059 761 rogare·

110 781 176 843 ritis
197 781 367 858 patremin
389 799 454 857 meo
476 782 607 853 nornine,
629 781 714 841 dabit
734 783 848 841 robis.“
893 783 955 849 thui
977 787 1059 865 igitur

110 884 150 943 ad
170 883 266 943 lieurn
287 889 383 955 orant,
406 890 437 945 et
459 903 516 945 non
537 887 568 945 iu
590 880 741 955 Christum
765 887 868 955 oculos
890 894 987 967 atque
1005 890 1059 949 ani·

111 1008 190 1047 mum
212 986 354 1067 defigunt,
375 988 405 1047 hi
429 994 539 1060 errant,
562 995 593 1051 et
615 992 657 1059 ad¹
675 990 771 1049 Deum
795 1010 854 1067 non
876 994 1058 1075 perveniunt,

111 1094 164 1167 seri
184 1096 377 1173 cogitationes
389 1095 551 1168 cordissui,
572 1095 784 1175 locoveriDei,
806 1096 941 1156 odorant
962 1105 993 1158 et
1006 1099 1057 1157 ido·

111 1202 235 1261 iolatiae
257 1204 337 1261 sunt.
381 1200 484 1275 Neque
505 1202 581 1259 enim
602 1199 686 1260 Deus
708 1202 828 1277 quaeri,
862 1203 992 1285 inveniri
1011 1221 1057 1263 neo

111 1304 215 1367 audire
230 1305 302 1374 vult,
315 1286 380 1364 'nisi
403 1306 432 1363 in
454 1308 555 1365 nostro
576 1306 784 1391 propitiatorio
794 1306 929 1365 Christo.
974 1307 1057 1387 igitur

12 1440 15 1444 ·
37 1394 40 1399 ¹
111 1431 178 1472 euin
200 1411 296 1470 Deum
318 1428 388 1469 vere
410 1409 556 1479 invenire,
585 1408 683 1479 Deum
704 1415 786 1471 recte
807 1429 1007 1490 cognoscere,
1031 1416 1056 1469 et

31 1558 37 1576 t
111 1517 149 1576 ad
172 1535 239 1575 oum
262 1519 344 1575 corto
365 1515 522 1594 pervenire
543 1514 688 1585 volumus,
710 1515 862 1574 Christum
885 1518 1056 1587 iutueamur,

111 1621 280 1695 secundum·
295 1621 489 1693 sententiam:
531 1620 611 1691 „itui
632 1621 715 1680 videt
737 1639 792 1689 me,
813 1620 896 1681 videt
919 1626 1071 1700 patremf‘,

111 1728 201 1786 Item:
223 1727 273 1797 „Si
291 1727 413 1783 novistis
437 1745 500 1794 me,
532 1726 654 1783 novistis
676 1728 706 1783 et
727 1730 874 1804 patrem.“
917 1725 968 1786 Aa
986 1726 1058 1785 huna

111 1832 230 1889 moduni
246 1829 357 1909 colligit
365 1831 486 1888 verbum
502 1848 592 1907 vagas
601 1831 795 1909 cogitationes
810 1830 906 1888 nostri
920 1830 1018 1891 cordis
1031 1831 1056 1887 in

111 1908 189 1994 hano
202 1953 289 1991 unam
305 1914 471 2011 personam,
496 1942 629 2009 quaeest
642 1934 790 2005 Christus,
810 1933 894 1993 Deus
918 1941 951 1996 et
971 1935 1056 2003 homo,

112 2042 154 2099 ita
175 2047 209 2098 ut
230 2043 314 2096 extra
335 2039 487 2097 Christum
511 2040 674 2097 sentiamus
696 2038 810 2097 nulium
822 2037 922 2099 Deum
946 2060 1012 2101 esse
1030 2043 1057 2101 et

59 2200 62 2205 .
111 2142 235 2202 inveniri
248 2159 347 2221 posse.
389 2143 472 2215 „Nou
495 2142 601 2214 eredis,
625 2144 730 2219 inquit,
752 2141 832 2219 quod
854 2150 947 2223 pater
967 2147 998 2205 in
1017 2162 1057 2203 me

111 2254 167 2321 est,
189 2251 220 2307 et
240 2266 295 2325 ego
316 2247 346 2304 in
366 2248 493 2327 patroi“
691 2312 694 2317 ,
1016 2228 1019 2233 ¹

76 2368 80 2395 ¹
192 2349 240 2410 Aa
261 2352 341 2417 hune
363 2351 482 2423 modum
502 2352 696 2413 statuendum
719 2357 772 2424 est,
796 2358 918 2415 sanctos
934 2355 1057 2415 Judaeor

112 2477 229 2537 quoque
251 2442 353 2515 orasse
372 2440 528 2543 adfictum
549 2454 732 2516 habitantem
754 2457 783 2514 in
806 2456 882 2529 Zion
895 2454 944 2536 ⁴).
987 2459 1057 2519 Eum

112 2562 208 2621 locum
230 2560 280 2637 qui
305 2558 506 2635 negligebant,
528 2561 584 2617 etsi
607 2561 711 2621 iisdem
733 2563 835 2631 sacris,
858 2563 966 2623 iisdem
987 2565 1057 2623 iuter

111 2664 256 2724 orandum
277 2662 375 2721 verbis
396 2666 569 2734 uterentur,
591 2669 691 2725 tamen
713 2665 910 2725 idolotatriam
935 2668 1057 2727 commit·

111 2773 229 2841 iebant,
264 2786 322 2826 non
344 2764 430 2823 aliam
454 2768 489 2824 ob
512 2786 649 2840 causam,
685 2789 772 2847 quam
804 2768 884 2845 quod
915 2771 1058 2831 iaciebant

112 2881 216 2935 eontra
236 2852 293 2931 hoc
313 2871 549 2951 praescriptum,
582 2875 660 2949 quod
683 2875 766 2935 Deus
787 2884 1006 2955 praeceperat,
1030 2893 1057 2935 aa

111 2983 141 3038 in
170 2977 356 3038 Hierusalem
371 2964 506 3059 ‘ariorari
534 2977 620 3038 velle.
677 2978 762 3038 Haeo
793 2979 886 3056 igitur
915 2979 1057 3059 generalis

111 3085 216 3162 regula
246 3091 307 3154 est,
340 3083 475 3141 omnihus
504 3084 533 3140 in
555 3083 678 3162 psalmis
700 3089 731 3144 et
753 3087 816 3143 tota
837 3082 995 3161 scriptura
1014 3085 1057 3142 ob·

112 3188 272 3258 servanda,
306 3183 384 3262 quod
415 3187 442 3243 in
473 3189 566 3245 aeteri
595 3193 774 3249 testamento
804 3204 864 3247 nou
893 3194 963 3249 erat
984 3188 1058 3249 Deus

111 3296 167 3353 nisi
189 3295 218 3351 in
235 3294 321 3362 Sion,
343 3311 397 3350 seu
420 3291 483 3349 ioco
506 3292 702 3362 tabernaculi,
720 3296 751 3351 et
772 3289 852 3367 quod
873 3308 981 3353 omues
1002 3310 1059 3353 ora·

45 3380 48 3385 ¹
110 3400 205 3460 tionoa
234 3396 271 3454 ad
295 3395 389 3454 Deum
412 3396 563 3455 sedentem
587 3402 617 3455 et
645 3396 827 3455 habitantem
850 3397 933 3456 inter
962 3399 1059 3458 theru·

111 3546 345 3563 m

180 3621 213 3691 4)
232 3619 313 3673 Zion.
