2190 4064
80 242 142 307 25⁰
401 240 715 306 Praoloetionea

77 393 167 473 ponet
188 396 271 465 aunt,
300 395 352 471 qai
371 412 436 455 eam
461 396 566 457 merito
588 397 702 459 *honore
731 402 765 459 et
791 396 897 459 farore
922 417 977 480 pro

78 498 222 571 quantur:
239 493 334 571 major
352 511 424 573 pora
443 497 545 556 mandi
567 496 647 569 odit.
657 502 693 558 at.
702 516 836 561 eversam
849 518 917 559 eam
929 518 978 581 emp

77 594 181 671 ltaque
208 594 312 656 saitem
339 611 407 667 ros,
434 589 576 677 pusillum
603 615 739 675 gregem,
766 597 891 671 hortor,
918 604 978 660 atr

76 694 215 766 foventia,
235 699 271 755 ut
289 696 399 773 rogetis
421 712 457 755 eo
476 694 635 775 precemini
657 697 683 757 ei
704 715 818 776 paoem,
840 703 877 758 ut
899 698 978 779 pacit

78 797 109 852 et
123 798 257 854 amanter
279 813 342 853 eom
363 794 506 867 salutetis,
528 800 558 856 et
579 796 692 857 dicatis:
712 796 880 856 Benedicat
894 803 924 859 te
937 797 978 857 De

76 912 112 952 ex
133 893 203 952 Sion
225 898 281 954 etc.
323 894 389 955 Hoc
417 896 495 954 enim
522 899 568 955 est
595 914 717 974 rogare,
743 914 822 972 quae
850 898 890 957 od
916 916 978 977 pato

77 997 161 1065 sont,
189 998 308 1075 optare,
337 1000 371 1057 at
384 996 487 1054 -Satan
508 1012 629 1055 cursum
650 1000 679 1054 et
699 995 832 1056 tructam
851 997 935 1055 terbi
958 1014 978 1055 ro

76 1093 229 1173 impediet.

88 1219 91 1226 ·
157 1192 257 1251 cauea
277 1192 484 1253 exhortationis
504 1191 593 1270 hujus
613 1191 688 1251 haee
713 1197 773 1263 eat,
802 1192 873 1268 quia
893 1192 978 1253 dorm

73 1290 131 1351 hoe
150 1293 267 1351 civitate
288 1292 521 1353 habetis-Deam
541 1291 726 1369 loquentem,
748 1291 924 1366 salvantem,
943 1294 978 1353 da

73 1395 135 1451 tem
154 1392 304 1452 victoriam
332 1399 436 1453 eontra
461 1409 559 1451 omnes
588 1393 716 1451 Satanae
742 1402 883 1473 conatus,
914 1398 978 1453 cont

72 1496 241 1572 peccatum,
268 1509 407 1571 pavorem
428 1492 624 1552 eonscientiae
652 1496 709 1551 eto.
751 1491 827 1555 (tuis
849 1493 940 1571 igitar
956 1510 978 1572 po

71 1592 118 1652 his
140 1593 223 1653 donia
251 1592 460 1652 conservandis
481 1611 539 1651 non
561 1589 645 1651 oreti
675 1590 717 1651 Et
737 1594 838 1649 tamea
862 1593 978 1671 experitr

72 1690 169 1753 David
202 1711 289 1771 reges
324 1692 443 1766 Syriae,
478 1688 623 1771 Aegypti,
653 1688 852 1762 Ammonitas,
881 1695 912 1750 et
939 1690 978 1755 do

72 1794 183 1852 ricinos
202 1790 329 1871 populos
347 1790 460 1853 nullam
481 1798 595 1870 pestem
616 1789 659 1851 aie
680 1789 788 1860 odisse,
808 1789 887 1849 sicut
906 1789 978 1849 Eion

71 1891 180 1962 aolem,
204 1894 234 1949 et
255 1890 367 1949 cultum
387 1888 457 1960 Dei,
486 1891 588 1966 quiin
614 1887 802 1948 Hierutolem
829 1888 897 1951 init.
939 1888 978 1949 oe

72 1991 163 2068 igitur
183 1994 214 2048 et
234 1993 332 2068 optat,
352 1991 386 2045 ut
406 2004 507 2046 omnes
526 1988 654 2047 habeant
675 1987 751 2047 tales
772 1987 887 2060 oeulos,
910 1986 978 2066 quoi

70 2091 137 2169 ipso
157 2088 293 2146 habebat.
323 2088 408 2145 Siout
420 2106 423 2112 ·
436 2104 490 2145 noe
507 2087 595 2146 hodie
616 2089 736 2148 summis
763 2089 920 2148 conatibus
943 2088 978 2147 ito

70 2194 170 2247 tantm
189 2187 345 2266 pontifices
369 2190 400 2244 et
421 2186 590 2265 episcopos,
612 2189 747 2264 quoniam
770 2186 915 2246 ecciesiae
934 2188 978 2247 bor

69 2288 197 2359 habent,
218 2296 253 2347 ut
274 2288 310 2346 iis
329 2288 374 2346 uti
395 2287 485 2345 velint
506 2286 544 2345 ad
564 2288 806 2366 propagationem
826 2288 890 2346 veri
912 2284 978 2346 coiit

70 2394 102 2448 et
122 2389 213 2449 verbi.
256 2387 318 2447 Sed
338 2388 504 2466 experimur
526 2386 672 2445 diversum
692 2404 741 2446 eoa
756 2385 978 2446 iacereetmoiir

69 2507 191 2568 nempe,
221 2488 364 2564 quomodo
394 2488 514 2547 verbam
542 2488 573 2544 et
599 2504 699 2545 omnes
726 2484 867 2545 ecclesias
893 2490 978 2546 aoatn

68 2589 202 2648 funditus
224 2589 395 2666 exstirpent.
437 2587 540 2665 itaque
565 2588 664 2645 manet
690 2585 745 2643 hoe
774 2588 875 2644 votum
900 2599 978 2665 pauet

68 2706 149 2759 rum,
183 2671 233 2764 qui
260 2687 428 2765 intelligunt
459 2688 568 2746 donum
594 2684 691 2755 verbi,
728 2687 759 2743 et
785 2683 817 2743 id
845 2686 978 2764 opihuoo

67 2787 219 2866 potentiae
238 2786 340 2844 mundi
361 2786 541 2846 anteferunt.

149 2884 243 2947 Porro
263 2886 446 2945 hebraiamaa
467 2889 524 2943 eat:
548 2884 693 2963 ,‚Rogata,
714 2887 881 2959 quaesunt
902 2882 978 2963 adpo

68 2991 163 3055 eem,“
182 3004 241 3064 pax
253 2980 308 3060 ²¹)
331 2986 408 3044 enim
428 2982 588 3060 signifieat,
611 2984 689 3059 quod
709 2984 834 3054 honum,
864 2983 978 3043 salutaro

66 3082 140 3142 utile
162 3087 216 3143 eat.
258 3082 336 3145 Hine
355 3082 509 3143 salutatio:
529 3081 609 3152 „Pax
629 3084 738 3154 vobie,“
758 3083 814 3141 hoe
837 3087 898 3155 est,
929 3084 977 3142 bon

66 3182 182 3251 valona,
210 3181 308 3241 salvus
336 3182 386 3241 aia.
426 3179 526 3239 Habet
558 3189 656 3240 autem
681 3180 839 3260 pulchrum
868 3182 978 3245 affecto

66 3280 114 3340 hie
130 3298 249 3351 verena,
276 3282 360 3357 quasi
382 3279 461 3339 dicat
480 3278 590 3337 David:
619 3279 666 3338 Ah
686 3298 740 3339 cur
759 3280 836 3342 hanc
857 3283 978 3341 oiritotm

67 3380 183 3450 odiatis,
214 3380 243 3437 in
271 3398 330 3456 qna
352 3380 502 3437 nobiseum
530 3377 611 3439 Deua
631 3381 758 3461 habitet,
784 3381 936 3441 nobiseum
957 3375 978 3434 io

67 3482 183 3558 quitor,
212 3496 325 3537 ornnem
344 3476 575 3537 benedictionem
596 3478 656 3550 dai,
677 3479 862 3558 spirituatem
882 3485 912 3539 et
937 3488 978 3537 oo!

66 3580 219 3661 poraionoi
248 3577 308 3637 Sed
327 3577 400 3637 haee
421 3577 486 3655 ipsa
507 3596 595 3637 causo
616 3582 668 3650 eat,
690 3597 745 3637 eur
766 3581 860 3640 Satan
874 3583 904 3639 et
920 3568 978 3653 impi

74 3667 279 3686 *nu-

138 3694 189 3768 21)
207 3693 278 3747 1²01.
