2190 4064
103 120 166 183 296
469 118 685 181 Enarratio

104 295 156 337 ore
182 291 287 336 sanam
315 271 481 333 doctrinam
511 277 697 352 propagant,
733 278 765 334 et
795 275 930 356 populus
956 279 1041 341 eradit

103 383 203 465 sorbo.
245 378 330 440 ilaec
349 396 408 458 pax
427 378 457 436 in
480 376 607 438 eeclesia
627 385 678 439 est
698 379 852 459 singulare
874 383 996 458 donum,
1013 393 1040 446 et

101 489 211 549 bonum
234 504 293 547 non
321 481 628 555 deleetahiia.:solum,
659 483 713 543 sad
735 485 825 544 etiam
846 488 923 550 utiia
950 494 979 550 et
995 491 1041 550 to·

101 598 230 654 nestun.
272 591 325 650 Sic
344 590 376 671 iu
395 586 515 666 politia,
542 607 612 649 eum
632 588 733 671 legum
764 594 932 654 auotoritas
952 598 1042 656 oonsi-

101 700 170 765 sttt,
199 696 230 752 at
251 691 444 772 magistratus
470 693 657 756 subditorum
679 694 852 776 diligentem
876 696 979 760 euram
997 720 1041 781 ga·

100 802 155 872 rit,
186 802 289 861 eontra
313 798 426 869 subditi
446 801 640 881 magistratus
665 820 758 875 suos,
785 808 935 882 tanquam
955 808 1041 868 -tibsri

98 911 254 988 parentes,
286 906 405 980 solunt,
437 892 637 981 venerantur,
668 913 702 969 et
735 926 839 971 eorum
873 915 1042 975 auctoritati

96 1008 218 1094 parant.
258 1013 344 1074 Haeo
371 1013 449 1074 dona
468 1013 608 1075 hortatur
634 1006 789 1096 psalmus,'
816 1022 852 1079 ut
880 1020 1042 1100 intelligere

99 1120 263 1193 discamus,
285 1125 315 1181 et
334 1137 390 1200 pro
411 1121 448 1180 iis
469 1111 737 1201 spamusgratias.
816 1150 821 1159 ·

96 1308 131 1377 n,
153 1310 267 1370 Siout
286 1311 528 1388 unguentum
546 1308 585 1368 in
605 1310 748 1390 eapite,
768 1309 871 1391 quod
890 1313 1042 1374 descen·

138 1415 199 1477 dit
218 1415 256 1481 in
271 1414 430 1475 barbam
449 1411 592 1489 Aaron,
613 1415 716 1494 quod
735 1415 949 1481 deseendit
968 1422 1005 1480 in

326 1539 429 1621 oram
456 1519 688 1599 vestimenti
717 1521 812 1603 ojus.

103 1698 108 1707 ,
177 1647 330 1711 Haereat
358 1649 512 1721 barbaries
534 1649 667 1728 Spiritus
687 1651 800 1723 saneti,
833 1651 935 1728 quisi
960 1653 1042 1712 nobis

94 1754 142 1815 sr‘t
163 1756 325 1827 barusim,-
353 1762 410 1814 nos
430 1754 558 1815 vicissim
579 1772 683 1815 sumus
710 1755 754 1816 itti
774 1756 908 1816 barbari.
928 1802 931 1809 .
951 1758 1041 1818 Porro

93 1863 182 1922 notus
204 1870 252 1922 est
271 1860 356 1921 iocus
375 1860 541 1931 Examen,
562 1861 594 1918 in
616 1877 674 1936 quo
695 1861 885 1943 praecipitur
905 1860 983 1923 tiosi
1004 1862 1040 1922 ds

92 1963 238 2047 singulari
264 1969 417 2046 unguento
446 1947 645 2037 conficiendo,
675 1965 800 2044 adjecta
823 1966 881 2026 hae
913 1954 1041 2046 prohibi·

92 2074 188 2144 tione,
209 2090 247 2130 ne
268 2090 287 2132 a
308 2088 457 2149 quoquam
479 2070 537 2130 atio
559 2069 620 2141 fiat,
634 2088 717 2132 nere
737 2072 776 2130 in·
789 2071 863 2132 aiios
885 2090 962 2133 usus
983 2073 1040 2144 fiat,

93 2197 182 2255 quam
211 2176 249 2236 ud
270 2175 443 2258 ungendum
463 2166 650 2236 sacerdotem
679 2194 836 2237 summum.
881 2179 959 2236 Cum
987 2178 1041 2237 hoe

91 2280 245 2364 unguento
267 2285 420 2362 comparat
437 2282 572 2363 psalmus
591 2277 759 2362 pocomi),
776 2283 857 2359 quod
880 2285 921 2343 stt
941 2284 1041 2363 singu·

90 2388 163 2449 iaris
185 2388 331 2467 quaedam
351 2407 439 2473 saera
462 2391 493 2447 et
513 2386 611 2447 divina
631 2405 695 2458 res,
717 2404 805 2463 quaa·
814 2389 923 2493 nuliis
928 2391 1040 2449 viribus

91 2496 228 2556 humanis
249 2512 306 2553 nee
324 2494 427 2574 parari
448 2512 504 2554 nee
530 2493 700 2552 conservari
722 2497 832 2573 potest.
876 2495 952 2555 Nam
985 2496 1040 2556 etsi

91 2602 189 2682 impiis
201 2616 320 2678 quoque
336 2598 473 2671 donatur,
478 2600 562 2658 siout
576 2597 740 2659 ostendunt
749 2617 851 2678 regna,
864 2618 945 2676 quse
957 2606 1040 2660 extra

91 2708 248 2769 eentssiam
269 2706 356 2773 sunt,
382 2706 482 2762 tamen
503 2699 610 2763 revera
638 2705 686 2764 est
705 2702 815 2763 donum
834 2703 907 2776 Dei,
941 2711 974 2765 st
993 2725 1040 2765 aa·

91 2813 264 2882 cassinium,
287 2807 367 2885 quod
387 2809 550 2887 praecipue
570 2810 693 2868 sertim·
705 2809 795 2868 debet
816 2812 913 2870 saeris
933 2813 1040 2871 usibus

72 2916 130 2978 ad
149 2913 394 2997 propagationem
416 2910 583 2989 religionis,
604 2913 644 2972 ad
664 2915 920 2974 matrimoniorum
941 2916 1040 2986 tidem,

90 3023 129 3085 ad
152 3020 358 3081 educationem
379 3016 557 3090 liberorum,
579 3023 611 3078 et
632 3036 734 3077 curam
757 2996 850 3078 omnis
871 3020 1040 3080 honestatis

88 3125 272 3190 retinendas.
314 3121 381 3183 llos
409 3123 435 3183 si
455 3122 632 3201 persuaderi
652 3126 755 3202 posset
786 3124 926 3185 fanaticis
947 3127 1041 3185 homi-

89 3234 187 3305 nibus,
208 3230 259 3309 qni
279 3229 370 3305 novis'
384 3231 415 3287 et
435 3227 574 3286 absurdis
596 3226 784 3307 dogmatibus
806 3228 844 3290 de
865 3249 1040 3293 sacramen·

88 3340 129 3399 tis
160 3342 191 3399 at
216 3335 284 3402 aliis
319 3332 454 3395 artieutis
484 3334 665 3412 perturbant
697 3331 842 3394 aeclesiae
874 3334 1039 3416 paeem⁸),

129 3630 133 3637 ‘
158 3561 192 3630 2)
212 3560 274 3616 Pax
293 3572 471 3639 eomparatur,
496 3571 596 3618 saneto
627 3570 777 3635 unguento.
852 3564 1040 3633 8)1Fanusici

89 3656 200 3714 tostam
219 3673 329 3729 pareus,
349 3669 403 3713 tarn
424 3657 579 3729 pretiosum
596 3672 665 3715 rem.
703 3689 706 3695 ·
789 3669 795 3675 ·
