2190 4064
275 310 279 315 Ι
372 230 569 309 lnPsaipn.
590 228 704 291 (irad.
892 260 895 273 ·
954 230 1014 291 185

58 383 206 445 excitaui.
248 383 351 461 Neque
372 385 449 459 euim
471 348 638 445 ιιιίίῐιιιιιιιιί
651 366 685 443 id
701 399 818 461 aquam,
839 378 938 441 sedin
952 400 1015 443 ma·

62 483 186 559 teriam
204 501 281 559 quae
297 482 434 543 facillime
449 483 656 559 inflammatur,
678 480 757 542 sicut
773 480 924 560 scriptura
944 481 1015 541 alibi

62 599 188 659 quoque
203 581 334 657 loquitur
350 583 395 673 de
408 581 894 672 meguuineeudio:,',Sici1trguis
915 582 1015 660 spina-

63 698 136 741 rum
156 681 214 761 pub
230 680 322 753 ollisr‘
343 700 411 741 cum
431 668 597 760 significare
617 680 686 742 uult
703 680 847 761 ejusmodi
867 678 1015 740 flammam

63 798 122 839 seu
143 779 320 852 incendium,
342 781 422 859 quod
443 764 581 843 facillime
603 784 634 841 et
651 780 712 840 late
732 781 903 859 spargitur.
940 781 1015 843 Seu·

63 880 162 941 tentia
181 880 273 958 igitur
292 880 366 941 haee
388 884 452 953 estJ
481 879 561 956 quod
583 880 718 940 'homines
746 898 764 938 a
786 899 859 939 sana
879 880 1015 940 doctrina

64 983 245 1041 avertuntur
277 998 333 1060 per
365 963 510 1059 ajusruodi
529 979 698 1051 mendacia,
732 999 809 1057 quae
835 979 922 1039 ualde
943 984 1014 1039 simi

66 1078 208 1150 efficacia,
230 1080 308 1139 sieut
329 1080 373 1151 is,
405 1080 456 1157 qui
477 1080 596 1159 primus'
612 1079 842 1159 disputationem
862 1079 900 1139 de
920 1097 1014 1153 coena

65 1178 179 1241 domiai
199 1180 305 1252 morit,
335 1197 402 1239 cum
431 1176 580 1259 particula
610 1175 710 1243 τοῦτο
739 1178 895 1257 ejusmodi*
915 1180 1013 1259 ignem

64 1277 220 1351 excitauit,
250 1280 301 1355 qui
332 1290 370 1337 ue
391 1278 645 1359 ⁴iodis„·q11u1ear
674 1282 757 1339 recte
798 1264 914 1358 sopitus
957 1283 1013 1349 est.
1068 1312 1074 1339 ι

62 1376 178 1455 Postea
197 1383 389 1439 accesserunt
408 1377 467 1450 aiii,
488 1380 538 1456 qui
560 1380 645 1457 quasi
665 1377 762 1439 eleum
778 1377 958 1453 affuderuut,
978 1382 1014 1438 ut

63 1478 144 1557 ignis
164 1459 282 1537 illorum
303 1477 430 1538 telorum
463 1496 571 1558 magua
592 1478 797 1538 celeritatem
824 1470 919 1558 vulga
939 1482 1013 1539 tau·
1072 1504 1075 1509 ¹

64 1596 156 1656 quam
179 1579 211 1637 iu
231 1576 336 1637 silve
321 1579 529 1658 Juuiparerum
549 1584 693 1639 curreret

145 1676 205 1739 Est
232 1678 324 1759 igitur
348 1678 424 1739 haee
443 1679 563 1759 pictura
596 1678 720 1755 querela
752 1672 912 1754 quaedam,
932 1675 1013 1751 quod

62 1776 283 1837 haeretieorum
304 1776 409 1856 lingua
425 1782 508 1837 tento
529 1795 671 1838 successu
703 1780 814 1837 ettam
834 1776 932 1835 subito
952 1794 1013 1835 em

47 1874 117 1935 'uia
133 1880 325 1955 pervagatur,
347 1878 425 1937 sicut
445 1876 539 1937 Paula
559 1875 682 1949 accidit,
703 1877 754 1953 qui
775 1879 932 1955 cumpost
950 1894 1013 1935 ma·

61 1975 156 2037 ximus
176 1973 294 2035 laboras
314 1974 424 2036 multas
444 1975 584 2038 eeclesias
606 1975 733 2036 felrcrter
744 1976 930 2047 instituisset
952 1980 1013 2037 sta·

46 2075 121 2134 ‚tim
140 2078 299 2153 postquam
335 2074 456 2136 dorsum
475 2078 577 2149 vertit,
607 2081 670 2143 tota
689 2075 763 2137 Asia
790 2075 1012 2156 apseudupro·

62 2173 167 2253 phetis
187 2174 332 2235 subverse
353 2180 407 2235 est
428 2174 528 2254 Hujus
548 2176 618 2235 maii
642 2194 719 2252 quae
740 2194 831 2235 eausa
852 2180 905 2248 est,
924 2193 1012 2257 prae·

64 2274 171 2333 sertim
192 2290 261 2363 cum
292 2276 369 2352 ignis
392 2276 522 2355 Spiritus
551 2278 645 2336 sancti
674 2276 747 2357 adeo
768 2275 855 2334 tarde
875 2274 1012 2334 accendi·

64 2369 204 2448 aaran)
234 2372 331 2437 Haec
351 2374 496 2447 nimirum,
518 2376 598 2452 quod
608 2376 720 2434 haere
698 2377 749 2434 trci
770 2376 895 2433 averbo
916 2374 1021 2433 disce.

64 2472 142 2533 dunt
162 2477 194 2539 et
215 2492 251 2532 ea
271 2473 416 2546 afferunt,
444 2483 520 2551 quae
548 2476 654 2533 rationi
684 2473 840 2533 conuenire
862 2473 1009 2534 uidentur

61 2572 149 2635 uase
169 2576 217 2633 est
238 2573 398 2653 pinguedo
420 2574 484 2645 illa,
521 2593 597 2651 quae
624 2543 738 2633 facile
730 2591 827 2653 ignem
848 2572 943 2652 capit,
980 2576 1011 2633 et

62 2673 194 2750 quaein
231 2677 340 2733 natura
376 2691 431 2733 sua
459 2674 549 2732 itabat
576 2672 733 2731 fomenta'
725 2674 811 2751 ignis.
852 2673 956 2749 itaque
975 2671 1010 2733 Ιί-

60 2774 170 2831 beuter
190 2771 270 2833 favet
290 2770 342 2831 illa
361 2772 434 2844 tela,
462 2778 492 2832 et
514 2791 549 2831 ea
577 2772 668 2831 habet
687 2790 743 2851 pre
765 2771 941 2833 dulcissimis
962 2792 1010 2832 re·

60 2871 185 2943 mediis,
212 2872 271 2931 iure
300 2874 355 2951 pra
376 2873 437 2950 igni
466 2872 504 2931 de
525 2864 605 2932 coele
626 2873 724 2931 misso.
765 2871 847 2951 Ergo
869 2873 942 2933 haec
963 2876 1010 2942 est

62 2971 195 3030 emnium
221 2950 407 3032 saeculorum
439 2972 607 3044 calamitas,
629 2976 672 3030 'ut
700 2991 776 3049 quae
802 2972 844 3051 pii
872 2970 1010 3033 doctores

61 3069 159 3135 multo
179 3068 282 3130 labere
303 3071 474 3146 aedificant,
504 3072 545 3130 illi
567 3073 665 3132 subito
687 3075 834 3145 evertant,
855 3072 1010 3133 inveniunt
1048 3056 1051 3061 Δ

62 3170 143 3231 enim
169 3168 345 3265 'opereulpm
374 3170 494 3251 dignum
515 3172 568 3231 tali
589 3171 655 3230 olla.
698 3171 771 3231 Nam
793 3190 861 3232 aare
882 3172 1011 3235 libenter

60 3266 148 3335 audit
174 3283 206 3331 et
237 3270 354 3350 accipit,
374 3289 451 3348 quae
479 3272 625 3351 intelligit.
668 3272 747 3337 tiuia
769 3275 868 3333 eutem
887 3277 1011 3335 uerbum

60 3356 151 3431 dotet
171 3388 216 3441 ea,
237 3387 315 3485 quae
334 3370 366 3429 in
386 3389 437 3431 eor
450 3372 581 3433 'hominis
602 3391 660 3432 nou
681 3377 842 3446 venerunt,
872 3373 938 3434 ideo
960 3393 1009 3433 ra·
1032 3422 1036 3433 .

10 3526 13 3533 ¹
61 3526 276 3545 Μ
298 3540 303 3549 ι

114 3600 166 3673 2⁸)
186 3602 263 3749 igini·
282 3606 487 3677 haeretieorum
506 3617 551 3665 aet
571 3610 709 3695 aeteripr',
730 3573 810 3682 quam
828 3608 903 3683 iguis
922 3608 1007 3683 Spiri-

59 3700 108 3747 tus
127 3698 208 3749 eruet
322 3727 327 3732 -
360 3696 363 3701 '
486 3722 488 3726 ,
