2190 4064
78 222 141 285 ala
402 194 709 293 Praetutianus

76 373 211 435 invident
237 378 333 467 letae*
355 372 405 434 hie
435 374 518 454 erige
545 377 580 435 te
605 376 637 434 et
659 370 774 444 ereda,
814 374 898 453 quod
929 384 954 435 ot

75 493 127 539 res,
145 478 214 533 tuas
225 518 234 545 ,
247 468 331 549 ‘quas
351 477 387 533 tu
406 475 495 553 geris·
508 478 540 535 et
557 479 688 558 pateris,
719 479 872 558 gubernat
893 474 954 547 dom

75 592 112 633 ac
132 577 164 632 te
182 574 324 655 protegit.
367 576 428 635 Sed
448 577 498 635 hie
512 578 618 637 iterum
635 578 813 649 memineris,
839 573 922 651 quod
936 592 954 633 a*

75 672 149 745 dixi,
180 658 294 732 trustra
313 675 372 734 ista
396 675 457 733 diei
478 679 510 735 et
538 676 655 749 doceri,
685 679 790 741 sinon
812 656 954 735 deserere:

72 772 170 852 igitur
190 791 225 832 eo
239 775 326 854 ipso,
343 774 423 850 quod
445 773 533 835 docet
550 776 590 836 de
605 777 750 849 custodia,
771 779 803 836 et
822 773 954 854 promitti

74 874 303 952 gubernatione,
323 874 437 933 fatetur
451 877 555 935 sentiri
578 876 776 936 desertionem
788 870 829 934 ¹et
850 872 954 952 regiae

76 974 162 1049 quasi
182 972 246 1033 Deo
267 992 327 1033 non
348 975 440 1034 simus
461 994 561 1035 curae.
602 976 738 1035 Pertinet
767 977 861 1053 igitur
891 972 930 1031 ad

74 1073 265 1146 solationem,
307 1073 388 1150 quod
414 1075 472 1134 hoe
497 1076 584 1135 modo
615 1075 697 1135 Deua
726 1073 858 1135 ostendit
887 1092 921 1133 se
948 1091 954 1131 t

72 1181 179 1233 nostra
197 1172 382 1233 incommoda
410 1178 441 1233 et
466 1175 674 1235 tribulationes
703 1178 839 1246 nostras,
870 1192 907 1233 ao
929 1173 954 1251 jr

72 1278 108 1339 ut
135 1275 307 1345 eradamus,
341 1293 374 1333 se
404 1293 471 1333 esse
496 1278 628 1334 nostram
656 1276 810 1345 umbram,
843 1276 952 1352 quaet

27 1359 29 1365 ’
71 1392 136 1434 nos.
179 1376 300 1439 (tuanto
333 1379 432 1432 autem
459 1372 542 1433 Deus
572 1378 618 1434 est
645 1374 741 1451 major
771 1392 863 1449 quam
892 1372 954 1453 peri

73 1476 202 1548 nostra‚'
214 1474 330 1535 etiamsi
350 1477 481 1559 extrema
501 1475 582 1533 sinti
612 1475 707 1553 igitur
726 1474 889 1533 habeamus
909 1473 939 1530 in

37 1590 40 1597 ·
72 1574 217 1636 laetitiam
248 1580 279 1636 et
304 1573 459 1647 fiduciam,
487 1575 538 1650 qui
558 1574 706 1654 promittit
734 1593 766 1634 se
795 1573 893 1633 nostri
921 1586 954 1631 ou

72 1677 244 1739 habitururn
265 1678 295 1735 in
318 1677 468 1747 omnibuS,
489 1694 566 1751 quae
587 1676 728 1753 gerimus.

71 1794 119 1854 Π.
145 1796 218 1854 Per
247 1793 345 1854 diem
366 1792 427 1854 eol
447 1812 523 1853 non
551 1796 644 1852 uret
670 1794 726 1864 te,
754 1809 824 1851 nee
843 1789 954 1851 luna*

462 1899 621 1955 noctem.

154 1992 220 2051 Non
247 1992 318 2052 sunt
343 1994 393 2053 hie
427 1996 614 2070 quaerendae
641 1992 819 2074 peregrinae
847 1996 954 2049 sentem

71 2089 188 2151 Lumen
208 2089 298 2150 lunae
326 2092 516 2152 vehementer
543 2096 644 2164 nocet,
674 2091 765 2151 afficit
792 2092 870 2148 enim
898 2106 954 2168 cor]

71 2207 131 2250 non
152 2188 246 2249 solum
268 2191 394 2269 frigore,
421 2193 475 2254 sed
495 2193 619 2251 humore
641 2210 773 2268 quoque,
803 2190 841 2248 de
870 2188 954 2249 sole·

70 2294 148 2362 stat,
170 2309 259 2367 quam
281 2290 417 2352 debilitet
438 2310 593 2371 corpora.⁴
616 2290 785 2370 Significat,
798 2290 892 2369 igitur
913 2290 943 2347 in

71 2375 144 2451 u'ere
171 2410 228 2471 per
254 2390 355 2451 lumen
383 2393 453 2454 solis
482 2399 512 2452 et
539 2392 628 2451 lunae
656 2409 756 2451 omnes
782 2390 954 2448 tentationes

68 2491 205 2571 pericula
226 2494 339 2564 omnia,
361 2494 441 2569 quod
463 2494 573 2553 inillis
595 2492 666 2551 velit
688 2490 841 2549 nobiseum
862 2508 943 2560 esse,

67 2591 174 2670 juvare
196 2598 225 2651 et
247 2592 392 2664 liberare,
424 2595 539 2654 etiamsi
564 2592 605 2652 ad
625 2595 770 2671 puuctum
790 2582 944 2648 videamur

70 2696 187 2751 aestum
199 2692 280 2751 hone
294 2692 381 2751 serre.
424 2695 458 2752 Si
474 2696 550 2753 enim
566 2693 620 2753 soli
637 2708 777 2759 essemus,
798 2691 954 2749 tentatioe

69 2796 206 2863 aeterna,
226 2810 324 2867 neque
345 2793 473 2853 enimin
493 2794 576 2852 nobis
597 2796 718 2851 tantum
734 2780 877 2867 praesidii
898 2791 954 2861 est:

68 2894 217 2971 possimus
246 2891 357 2951 durare
382 2889 544 2971 'perpetuu
587 2894 673 2950 Nune
705 2891 822 2968 patitur
849 2887 947 2959 Deos,

68 2976 250 3070 prideipium
275 2992 385 3051 suroris
411 2993 504 3050 Satan
532 2992 563 3049 in
590 3009 644 3049 nos
672 2993 800 3060 evomat,
830 2989 887 3048 hoe
917 3004 953 3047 au

67 3108 127 3148 non
148 3090 278 3169 patitur,
297 3093 334 3150 ut
353 3092 475 3151 tantum·
489 3092 609 3159 noceat,
631 3093 775 3167 quantum
795 3089 880 3167 eupit
900 3072 954 3147 noe

68 3188 148 3255 (tnta
181 3190 274 3269 igitur
305 3188 449 3249 babemus
478 3188 556 3248 hane
583 3189 733 3275 umbram,
764 3187 907 3247 debemus
934 3188 954 3245 iu

68 3288 204 3351 dolorum
224 3289 374 3369 patienter
393 3289 487 3359 ferre,
520 3288 595 3347 eerti
616 3288 697 3365 quod
724 3287 902 3347 etiamnum
929 3306 954 3347 m

66 3408 149 3461 mur,
179 3394 279 3449 tamen
298 3391 360 3449 vita
379 3372 565 3449 uostra'sine
592 3385 737 3469 periculo
753 3389 784 3446 in
806 3387 926 3469 Christo
946 3404 954 3445 a

67 3490 187 3554 condita
207 3490 261 3563 sit,
283 3493 313 3549 et
334 3491 513 3570 superatura
533 3488 574 3551 ait
594 3493 733 3549 conatum
754 3489 894 3551 Satanae.
