2190 4064
75 278 138 341 288
203 240 207 247 Ι
399 274 752 337 Praelecticner·

75 429 145 509 gelii
179 431 406 510 persequantur.
461 426 510 488 An
542 429 619 489 hanc
653 430 739 506 quasi
771 429 887 490 molem·
907 448 937 491 m

76 529 150 606 quid
171 548 280 605 quaeso
301 548 355 590 nos
375 529 499 588 sumusi
529 528 588 588 imo
609 531 667 589 etsi
693 528 776 588 nulia
791 529 937 601 ,hominurn

75 628 207 689 timenda
234 632 328 701 esset,
357 628 429 705 quid
456 646 558 688 sumus
586 646 640 688 nos
661 633 764 703 centra
791 633 839 690 tut
865 626 937 691 daea}

4 762 14 777 ι
76 732 108 788 et
123 733 226 808 portas
246 728 430 788 interorumi
451 727 493 787 Et
512 732 612 787 tamen
633 731 814 808 experimur,
835 730 931 789 etiam

72 830 236 908 ‚accipimur
269 832 299 887 ct
332 828 559 907 opprimimur,
576 832 674 888 tamen
707 827 747 888 acl
778 834 937 889 extremum

77 935 134 993 non
158 927 274 999 ,deseri,
303 926 357 986 sed
383 931 465 986 tutos
493 945 560 987 esse
579 927 688 988 fidncia
708 929 774 1006 ejus
801 928 915 1000 auxilii,

77 1030 123 1087 est
144 1027 174 1084 in
194 1044 285 1085 manu
306 1022 425 1085 domini.
470 1025 532 1085 Sed
552 1025 592 1085 ad
606 1027 689 1087 hanc
711 1028 888 1107 sapientiam
915 1028 937 1085 iu

67 1125 161 1199 ¹sibile
181 1129 228 1184 est
249 1143 301 1184 nos
321 1126 423 1186 venire
443 1127 508 1185 sine
528 1127 656 1187 assiduis
675 1126 892 1199 afflictionibus,
913 1108 937 1203 qt

75 1225 173 1304 frangi
196 1224 346 1283 -fidnciam
380 1225 544 1284 carnalium
570 1216 787 1304 praesidiorum
817 1245 937 1291 necesse

75 1323 198 1384 vexatio
221 1325 296 1382 enim
318 1323 482 1384 secundum
502 1324 624 1384 Esaiam
653 1325 704 1384 dat
730 1325 811 1385 hunc
831 1325 937 1386 intellec

75 1426 111 1482 ut
148 1423 323 1482 clamemus:
369 1423 392 1481 0
429 1421 545 1482 domine
580 1427 690 1483 actum·
713 1427 775 1495 est,
811 1442 937 1503 succum

74 1524 170 1588 nobis.
213 1525 264 1583 Sic
283 1525 314 1581 in
342 1523 447 1582 ultima
466 1522 556 1594 hora,
578 1523 695 1599 quande
715 1542 795 1584 mors
811 1525 929 1602 ingruit,

75 1634 172 1711 neque
198 1625 329 1683 caesaris
364 1641 420 1681 nec
448 1614 654 1701 regumsop'es
684 1626 715 1681 et
742 1624 937 1702 potentia‚·r

71 1721 190 1799 justitia
223 1741 320 1804 neque
358 1721 522 1798 quidquam
555 1720 638 1786 aliud
666 1728 727 1794 est,
761 1723 791 1780 in
820 1741 880 1799 quc
908 1741 937 1781 an

74 1823 171 1905 pessit
194 1823 392 1897 acquiescere.
434 1821 468 1878 in
488 1821 545 1881 huc
563 1824 663 1881 autem
689 1821 752 1883 solo
781 1821 889 1882 anmlio
917 1839 937 1880 n

55 1919 185 1997 ‘damini
204 1924 287 1979 recte
309 1923 339 1979 at
368 1938 474 1979 secure
501 1920 716 1996 acquiescitur,
746 1921 882 1996 quitum
906 1919 937 1978 di

73 2014 282 2095 „AdJutorium
309 2022 408 2077 meum
440 2019 616 2080 innomine
644 2004 787 2091 domini,“
822 2020 873 2080 isti
898 2019 937 2077 iel

73 2118 241 2177 moriuntur
263 2121 294 2177 et
320 2120 392 2177 sunt
420 2120 503 2176 extra
523 2117 699 2197 periculum.
719 2191 721 2194 y
742 2120 793 2178 Sic
819 2120 937 2199 pertinet

72 2217 207 2302 psalmus
235 2216 275 2278 eci
300 2218 430 2298 primum
457 2222 668 2302 praeceptum,
695 2223 730 2278 ut
758 2218 922 2292 discemus,

58 2319 113 2381 'sit
132 2313 242 2379 habere
262 2303 374 2390 Deum,
394 2306 517 2398 nempe,
538 2318 728 2394 acquiescere
747 2319 780 2376 in
799 2316 910 2379 fiducia
934 2335 937 2375 :

73 2417 221 2481 maerdice
241 2423 272 2480 ct
289 2418 389 2479 auxilii
410 2415 467 2479 Dei
486 2419 518 2477 in
539 2418 674 2483 omnibus
694 2414 850 2499 periculis.
925 2450 929 2459 ·

155 2520 347 2597 Sunt'igitur
367 2519 443 2599 haec
465 2520 557 2578 rerba
576 2518 721 2591 vincentis
750 2522 781 2576 et
811 2516 937 2600 triumph

71 2617 157 2677 {ideis
177 2615 386 2696 „adjuterium
402 2636 504 2679 meum
524 2619 555 2678 in
573 2617 690 2677 nominc
722 2615 847 2689 domini,
875 2619 930 2694 qui·

71 2716 186 2778 coelum
208 2721 239 2776 ct
258 2721 405 2789 terram,“
425 2720 511 2795 quasi
533 2718 627 2778 dicat:
649 2713 733 2780 Deus
753 2734 838 2777 meus
861 2721 891 2774 ct
903 2714 937 2774 ai

71 2835 155 2876 meus
176 2819 223 2877 est
249 2816 346 2878 iactor
373 2816 449 2876 coeii
477 2821 507 2875 et
534 2821 643 2876 terrae.
686 2814 787 2894 Hujus
814 2813 872 2874 Dei
899 2816 937 2875 siu

55 2915 221 2981 ¹‹istensiite
240 2915 313 2991 mihi
332 2934 384 2976 aas
406 2915 568 2976 adversarii
578 2916 646 2975 mei.
690 2914 771 2980 auid
785 2915 878 2994 igitur
889 2900 928 2976 ad

69 3011 168 3073 Deum
189 3019 261 3074 sunt
280 3017 374 3075 rastri
394 3014 514 3091 leqneii
544 3015 617 3091 quid
636 3015 747 3087 minae,
775 3010 926 3095 petentia,

69 3112 157 3172 silici
180 3118 238 3173 etc.
281 3115 334 3175 Sic
356 3115 479 3193 opponit
497 3114 693 3192 magnitudini
704 3113 915 3194 periculorum,
934 3118 937 3170 i

69 3209 237 3271 dationibus
259 3217 289 3273 ct
303 3213 429 3281 diluviis
444 3198 508 3272 illis
538 3215 734 3273 tentationum
754 3213 840 3273 ilium
866 3217 937 3273 aeta

66 3309 179 3381 Deum,
216 3313 416 3372 et-absorbet
449 3316 688 3391 tanquamque
723 3313 833 3392 spiritu
867 3312 936 3371 uuir

66 3410 161 3471 furias
181 3411 274 3470 tatius
303 3404 408 3487 mnndi
435 3414 466 3471 et
493 3410 670 3484 inferorum,
696 3414 776 3471 sicut
796 3414 937 3473 absorbet

67 3528 182 3589 magno-
200 3510 338 3570 incendic
365 3508 490 3590 quana
519 3510 625 3587 aquae.
668 3509 714 3570 Ac
741 3529 848 3571 revera
875 3509 937 3589 quii

65 3609 195 3673 mundas
217 3626 284 3671 cnm
306 3610 385 3670 omni
404 3609 555 3690 potentia,
582 3611 671 3670 armis
694 3614 726 3670 et
746 3596 870 3691 opibus,
898 3612 926 3673 si

62 3694 202 3806 spectes,
232 3710 289 3793 qur·
317 3708 440 3795 cociam¹
462 3715 494 3773 ot
519 3714 638 3773 anan
658 3709 755 3801 recres⁸
781 3708 937 3773 annas
