<?xml version="1.0" encoding="UTF-8"?>
<!DOCTYPE html PUBLIC "-//W3C//DTD XHTML 1.0 Transitional//EN"
    "http://www.w3.org/TR/xhtml1/DTD/xhtml1-transitional.dtd">
<html xmlns="http://www.w3.org/1999/xhtml" xml:lang="en" lang="en">
 <head>
  <title>
</title>
<meta http-equiv="Content-Type" content="text/html;charset=utf-8" />
  <meta name='ocr-system' content='tesseract 3.04.00' />
  <meta name='ocr-capabilities' content='ocr_page ocr_carea ocr_par ocr_line ocrx_word'/>
</head>
<body>
  <div class='ocr_page' id='page_1' title='image "./exegeticaoperal04luthgoog_0490.png"; bbox 0 0 2204 4058; ppageno 0'>
   <div class='ocr_carea' id='block_1_1' title="bbox 255 86 1063 265">
    <p class='ocr_par' dir='ltr' id='par_1_1' title="bbox 255 86 1063 265">
     <span class='ocr_line' id='line_1_1' title="bbox 255 86 1063 265; baseline 0.005 -61"><span class='ocrx_word' id='word_1_1' title='bbox 255 168 257 173; x_wconf 95' lang='lat'><em>·</em></span> <span class='ocrx_word' id='word_1_2' title='bbox 376 86 696 229; x_wconf 67' lang='lat' dir='ltr'><strong>rusinionxx.</strong></span> <span class='ocrx_word' id='word_1_3' title='bbox 755 132 759 139; x_wconf 36' lang='lat'><strong>²</strong></span> <span class='ocrx_word' id='word_1_4' title='bbox 913 140 1063 265; x_wconf 73' lang='lat' dir='ltr'><strong>&#39;&#39;iii&#39;&#39;¹</strong></span> 
     </span>
    </p>
   </div>
   <div class='ocr_carea' id='block_1_2' title="bbox 10 292 1072 3410">
    <p class='ocr_par' dir='ltr' id='par_1_2' title="bbox 42 292 1064 998">
     <span class='ocr_line' id='line_1_2' title="bbox 58 292 1015 385; baseline 0.006 -31"><span class='ocrx_word' id='word_1_5' title='bbox 58 296 179 376; x_wconf 65' lang='lat' dir='ltr'><strong>antona,</strong></span> <span class='ocrx_word' id='word_1_6' title='bbox 205 293 309 385; x_wconf 80' lang='lat' dir='ltr'><strong>etism</strong></span> <span class='ocrx_word' id='word_1_7' title='bbox 316 294 398 383; x_wconf 79' lang='lat' dir='ltr'><strong>ferro</strong></span> <span class='ocrx_word' id='word_1_8' title='bbox 425 299 457 357; x_wconf 87' lang='lat' dir='ltr'><strong>st</strong></span> <span class='ocrx_word' id='word_1_9' title='bbox 477 292 539 377; x_wconf 62' lang='lat' dir='ltr'><strong>ipni</strong></span> <span class='ocrx_word' id='word_1_10' title='bbox 558 295 725 356; x_wconf 73' lang='lat' dir='ltr'><strong>doctrinm</strong></span> <span class='ocrx_word' id='word_1_11' title='bbox 746 294 784 356; x_wconf 86' lang='lat' dir='ltr'><strong>do</strong></span> <span class='ocrx_word' id='word_1_12' title='bbox 804 293 1015 376; x_wconf 63' lang='lat' dir='ltr'><strong>propitiatione</strong></span> 
     </span>
     <span class='ocr_line' id='line_1_3' title="bbox 59 375 1057 490; baseline 0.003 -30"><span class='ocrx_word' id='word_1_13' title='bbox 59 408 338 482; x_wconf 85' lang='lat' dir='ltr'><strong>persequuntur</strong></span> <span class='ocrx_word' id='word_1_14' title='bbox 349 375 401 460; x_wconf 77' lang='lat' dir='ltr'><strong>Sic</strong></span> <span class='ocrx_word' id='word_1_15' title='bbox 421 401 500 476; x_wconf 83' lang='lat' dir='ltr'><strong>enim</strong></span> <span class='ocrx_word' id='word_1_16' title='bbox 521 400 597 462; x_wconf 85' lang='lat' dir='ltr'><strong>solet</strong></span> <span class='ocrx_word' id='word_1_17' title='bbox 617 399 680 471; x_wconf 83' lang='lat' dir='ltr'><strong>lex,</strong></span> <span class='ocrx_word' id='word_1_18' title='bbox 709 401 782 461; x_wconf 81' lang='lat' dir='ltr'><strong>iacit</strong></span> <span class='ocrx_word' id='word_1_19' title='bbox 808 408 1016 482; x_wconf 87' lang='lat' dir='ltr'><strong>praesumtuo-</strong></span> <span class='ocrx_word' id='word_1_20' title='bbox 1053 477 1057 490; x_wconf 58' lang='lat'><strong>,</strong></span> 
     </span>
     <span class='ocr_line' id='line_1_4' title="bbox 60 490 1014 586; baseline 0.006 -21"><span class='ocrx_word' id='word_1_21' title='bbox 60 523 128 576; x_wconf 89' lang='lat' dir='ltr'><strong>sos,</strong></span> <span class='ocrx_word' id='word_1_22' title='bbox 161 490 309 584; x_wconf 82' lang='lat' dir='ltr'><strong>superbos</strong></span> <span class='ocrx_word' id='word_1_23' title='bbox 338 522 374 564; x_wconf 86' lang='lat' dir='ltr'><strong>sc</strong></span> <span class='ocrx_word' id='word_1_24' title='bbox 401 507 600 566; x_wconf 80' lang='lat' dir='ltr'><strong>contemtores</strong></span> <span class='ocrx_word' id='word_1_25' title='bbox 627 494 756 586; x_wconf 77' lang='lat' dir='ltr'><strong>gratiae,</strong></span> <span class='ocrx_word' id='word_1_26' title='bbox 791 507 871 567; x_wconf 86' lang='lat' dir='ltr'><strong>sicut</strong></span> <span class='ocrx_word' id='word_1_27' title='bbox 899 506 1014 571; x_wconf 78' lang='lat' dir='ltr'><strong>Paulus</strong></span> 
     </span>
     <span class='ocr_line' id='line_1_5' title="bbox 61 609 1017 704; baseline 0 -31"><span class='ocrx_word' id='word_1_28' title='bbox 61 611 187 690; x_wconf 71' lang='lat' dir='ltr'><strong>egregie</strong></span> <span class='ocrx_word' id='word_1_29' title='bbox 214 609 402 704; x_wconf 67' lang='lat' dir='ltr'><strong>ostenditur</strong></span> <span class='ocrx_word' id='word_1_30' title='bbox 423 609 562 681; x_wconf 75' lang='lat' dir='ltr'><strong>iudaeis,</strong></span> <span class='ocrx_word' id='word_1_31' title='bbox 593 610 679 670; x_wconf 87' lang='lat' dir='ltr'><strong>liom</strong></span> <span class='ocrx_word' id='word_1_32' title='bbox 700 615 747 673; x_wconf 90' lang='grc'><strong>2..</strong></span> <span class='ocrx_word' id='word_1_33' title='bbox 787 610 940 684; x_wconf 81' lang='lat' dir='ltr'><strong>„Judaons</strong></span> <span class='ocrx_word' id='word_1_34' title='bbox 962 628 1017 694; x_wconf 80' lang='lat' dir='ltr'><strong>sp·</strong></span> 
     </span>
     <span class='ocr_line' id='line_1_6' title="bbox 56 690 1027 794; baseline 0.005 -21.015"><span class='ocrx_word' id='word_1_35' title='bbox 56 714 194 794; x_wconf 41' lang='lat' dir='ltr'><strong>Qpeiiarie</strong></span> <span class='ocrx_word' id='word_1_36' title='bbox 214 719 245 775; x_wconf 89' lang='lat' dir='ltr'><strong>et</strong></span> <span class='ocrx_word' id='word_1_37' title='bbox 265 714 370 774; x_wconf 87' lang='lat' dir='ltr'><strong>niteris</strong></span> <span class='ocrx_word' id='word_1_38' title='bbox 389 690 466 794; x_wconf 75' lang='lat' dir='ltr'><strong>iege,</strong></span> <span class='ocrx_word' id='word_1_39' title='bbox 487 718 519 774; x_wconf 88' lang='lat' dir='ltr'><strong>et</strong></span> <span class='ocrx_word' id='word_1_40' title='bbox 540 710 676 793; x_wconf 77' lang='lat' dir='ltr'><strong>gloriaris</strong></span> <span class='ocrx_word' id='word_1_41' title='bbox 698 713 736 774; x_wconf 88' lang='lat' dir='ltr'><strong>de</strong></span> <span class='ocrx_word' id='word_1_42' title='bbox 750 712 815 777; x_wconf 86' lang='lat' dir='ltr'><strong>Deo</strong></span> <span class='ocrx_word' id='word_1_43' title='bbox 836 720 913 778; x_wconf 83' lang='lat' dir='ltr'><strong>etc.“</strong></span> <span class='ocrx_word' id='word_1_44' title='bbox 984 777 988 793; x_wconf 62' lang='lat'><strong>,</strong></span> <span class='ocrx_word' id='word_1_45' title='bbox 1023 720 1027 725; x_wconf 87' lang='lat'>&#39;</span> 
     </span>
     <span class='ocr_line' id='line_1_7' title="bbox 56 798 1064 902; baseline 0.003 -23"><span class='ocrx_word' id='word_1_46' title='bbox 56 835 59 843; x_wconf 90' lang='lat'>·</span> <span class='ocrx_word' id='word_1_47' title='bbox 144 820 205 886; x_wconf 70' lang='lat' dir='ltr'><strong>tini</strong></span> <span class='ocrx_word' id='word_1_48' title='bbox 226 818 303 879; x_wconf 87' lang='lat' dir='ltr'><strong>tales</strong></span> <span class='ocrx_word' id='word_1_49' title='bbox 325 822 411 898; x_wconf 83' lang='lat' dir='ltr'><strong>sunt,</strong></span> <span class='ocrx_word' id='word_1_50' title='bbox 433 837 493 879; x_wconf 89' lang='lat' dir='ltr'><strong>non</strong></span> <span class='ocrx_word' id='word_1_51' title='bbox 514 819 693 878; x_wconf 86' lang='lat' dir='ltr'><strong>anctoritate</strong></span> <span class='ocrx_word' id='word_1_52' title='bbox 714 798 934 898; x_wconf 86' lang='lat' dir='ltr'><strong>apostolorum,</strong></span> <span class='ocrx_word' id='word_1_53' title='bbox 954 839 1015 883; x_wconf 76' lang='lat' dir='ltr'><strong>nos</strong></span> <span class='ocrx_word' id='word_1_54' title='bbox 1059 884 1064 902; x_wconf 45' lang='grc'><em>1</em></span> 
     </span>
     <span class='ocr_line' id='line_1_8' title="bbox 42 921 1016 998; baseline 0.001 -13"><span class='ocrx_word' id='word_1_55' title='bbox 42 925 175 986; x_wconf 42' lang='lat' dir='ltr'><strong>&lt;Christi</strong></span> <span class='ocrx_word' id='word_1_56' title='bbox 208 921 360 984; x_wconf 74' lang='lat' dir='ltr'><strong>miraculis</strong></span> <span class='ocrx_word' id='word_1_57' title='bbox 396 921 553 981; x_wconf 81' lang='lat' dir='ltr'><strong>excitantis</strong></span> <span class='ocrx_word' id='word_1_58' title='bbox 585 927 718 993; x_wconf 85' lang='lat' dir='ltr'><strong>mortuos</strong></span> <span class='ocrx_word' id='word_1_59' title='bbox 744 927 923 998; x_wconf 83' lang='lat' dir='ltr'><strong>morentur,</strong></span> <span class='ocrx_word' id='word_1_60' title='bbox 959 923 1016 986; x_wconf 81' lang='lat' dir='ltr'><strong>sed</strong></span> 
     </span>
    </p>

    <p class='ocr_par' dir='ltr' id='par_1_3' title="bbox 57 1025 1016 1106">
     <span class='ocr_line' id='line_1_9' title="bbox 57 1025 1016 1106; baseline 0.001 -18"><span class='ocrx_word' id='word_1_61' title='bbox 57 1034 203 1106; x_wconf 84' lang='lat' dir='ltr'><strong>tanquam</strong></span> <span class='ocrx_word' id='word_1_62' title='bbox 232 1043 303 1087; x_wconf 82' lang='lat' dir='ltr'><strong>sara</strong></span> <span class='ocrx_word' id='word_1_63' title='bbox 331 1030 416 1087; x_wconf 88' lang='lat' dir='ltr'><strong>stant</strong></span> <span class='ocrx_word' id='word_1_64' title='bbox 443 1025 616 1087; x_wconf 75' lang='lat' dir='ltr'><strong>immobiles.</strong></span> <span class='ocrx_word' id='word_1_65' title='bbox 646 1070 648 1075; x_wconf 71' lang='lat'><em>.</em></span> <span class='ocrx_word' id='word_1_66' title='bbox 672 1027 776 1103; x_wconf 82' lang='lat' dir='ltr'><strong>Neque</strong></span> <span class='ocrx_word' id='word_1_67' title='bbox 807 1029 885 1087; x_wconf 86' lang='lat' dir='ltr'><strong>enim</strong></span> <span class='ocrx_word' id='word_1_68' title='bbox 903 1028 1016 1090; x_wconf 82' lang='lat' dir='ltr'><strong>inteili-</strong></span> 
     </span>
    </p>

    <p class='ocr_par' dir='ltr' id='par_1_4' title="bbox 58 1130 1011 1221">
     <span class='ocr_line' id='line_1_10' title="bbox 58 1130 1011 1221; baseline 0.003 -29"><span class='ocrx_word' id='word_1_69' title='bbox 58 1138 136 1221; x_wconf 62' lang='lat' dir='ltr'><strong>gnn&#39;t</strong></span> <span class='ocrx_word' id='word_1_70' title='bbox 156 1132 398 1211; x_wconf 70' lang='lat' dir='ltr'><strong>propitiationem</strong></span> <span class='ocrx_word' id='word_1_71' title='bbox 418 1131 449 1187; x_wconf 89' lang='lat' dir='ltr'><strong>in</strong></span> <span class='ocrx_word' id='word_1_72' title='bbox 469 1130 528 1190; x_wconf 86' lang='lat' dir='ltr'><strong>ista</strong></span> <span class='ocrx_word' id='word_1_73' title='bbox 550 1131 727 1203; x_wconf 76' lang='lat' dir='ltr'><strong>securitate,</strong></span> <span class='ocrx_word' id='word_1_74' title='bbox 756 1133 810 1193; x_wconf 84' lang='lat' dir='ltr'><strong>scd</strong></span> <span class='ocrx_word' id='word_1_75' title='bbox 831 1135 921 1194; x_wconf 85' lang='lat' dir='ltr'><strong>etiam</strong></span> <span class='ocrx_word' id='word_1_76' title='bbox 940 1151 1011 1214; x_wconf 84' lang='lat' dir='ltr'><strong>par·</strong></span> 
     </span>
    </p>

    <p class='ocr_par' dir='ltr' id='par_1_5' title="bbox 58 1233 1010 1318">
     <span class='ocr_line' id='line_1_11' title="bbox 58 1233 1010 1318; baseline 0.001 -21"><span class='ocrx_word' id='word_1_77' title='bbox 58 1240 250 1314; x_wconf 59' lang='lat' dir='ltr'><strong>sequnntur,</strong></span> <span class='ocrx_word' id='word_1_78' title='bbox 286 1233 455 1312; x_wconf 86' lang='lat' dir='ltr'><strong>Dupliciter</strong></span> <span class='ocrx_word' id='word_1_79' title='bbox 480 1234 573 1311; x_wconf 68' lang='lat' dir='ltr'><strong>igitur</strong></span> <span class='ocrx_word' id='word_1_80' title='bbox 592 1240 722 1318; x_wconf 82' lang='lat' dir='ltr'><strong>peccant</strong></span> <span class='ocrx_word' id='word_1_81' title='bbox 742 1236 818 1298; x_wconf 90' lang='lat' dir='ltr'><strong>tales</strong></span> <span class='ocrx_word' id='word_1_82' title='bbox 838 1254 913 1317; x_wconf 89' lang='lat' dir='ltr'><strong>pras</strong></span> <span class='ocrx_word' id='word_1_83' title='bbox 932 1242 1010 1318; x_wconf 89' lang='lat' dir='ltr'><strong>pub-</strong></span> 
     </span>
    </p>

    <p class='ocr_par' dir='ltr' id='par_1_6' title="bbox 55 1336 1023 1522">
     <span class='ocr_line' id='line_1_12' title="bbox 55 1336 1023 1433; baseline 0.001 -31"><span class='ocrx_word' id='word_1_84' title='bbox 55 1342 180 1414; x_wconf 86' lang='lat' dir='ltr'><strong>tioanis,</strong></span> <span class='ocrx_word' id='word_1_85' title='bbox 201 1345 233 1401; x_wconf 91' lang='lat' dir='ltr'><strong>et</strong></span> <span class='ocrx_word' id='word_1_86' title='bbox 251 1345 336 1406; x_wconf 82' lang='lat' dir='ltr'><strong>recte</strong></span> <span class='ocrx_word' id='word_1_87' title='bbox 356 1337 429 1397; x_wconf 88' lang='lat' dir='ltr'><strong>dicit</strong></span> <span class='ocrx_word' id='word_1_88' title='bbox 452 1336 607 1433; x_wconf 52' lang='lat' dir='ltr'><strong>phristns:</strong></span> <span class='ocrx_word' id='word_1_89' title='bbox 647 1339 839 1412; x_wconf 83' lang='lat' dir='ltr'><strong>„Meretricas</strong></span> <span class='ocrx_word' id='word_1_90' title='bbox 859 1345 892 1403; x_wconf 85' lang='lat' dir='ltr'><strong>et</strong></span> <span class='ocrx_word' id='word_1_91' title='bbox 910 1342 1023 1421; x_wconf 89' lang='lat' dir='ltr'><strong>pubii·&#39;</strong></span> 
     </span>
     <span class='ocr_line' id='line_1_13' title="bbox 57 1442 1008 1522; baseline 0.002 -17"><span class='ocrx_word' id='word_1_92' title='bbox 57 1447 127 1506; x_wconf 87' lang='lat' dir='ltr'><strong>cani</strong></span> <span class='ocrx_word' id='word_1_93' title='bbox 154 1462 206 1504; x_wconf 85' lang='lat' dir='ltr'><strong>ros</strong></span> <span class='ocrx_word' id='word_1_94' title='bbox 232 1443 416 1522; x_wconf 85' lang='lat' dir='ltr'><strong>praecedent</strong></span> <span class='ocrx_word' id='word_1_95' title='bbox 442 1442 474 1500; x_wconf 91' lang='lat' dir='ltr'><strong>in</strong></span> <span class='ocrx_word' id='word_1_96' title='bbox 502 1460 595 1522; x_wconf 68' lang='lat' dir='ltr'><strong>regno</strong></span> <span class='ocrx_word' id='word_1_97' title='bbox 623 1442 800 1504; x_wconf 80' lang='lat' dir='ltr'><strong>eoelomm.“</strong></span> <span class='ocrx_word' id='word_1_98' title='bbox 841 1445 898 1506; x_wconf 79' lang='lat' dir='ltr'><strong>liis</strong></span> <span class='ocrx_word' id='word_1_99' title='bbox 929 1449 1008 1508; x_wconf 85' lang='lat' dir='ltr'><strong>eninr</strong></span> 
     </span>
    </p>

    <p class='ocr_par' dir='ltr' id='par_1_7' title="bbox 55 1545 1007 1631">
     <span class='ocr_line' id='line_1_14' title="bbox 55 1545 1007 1631; baseline 0.003 -21"><span class='ocrx_word' id='word_1_100' title='bbox 55 1549 145 1611; x_wconf 82' lang='lat' dir='ltr'><strong>isciie</strong></span> <span class='ocrx_word' id='word_1_101' title='bbox 161 1545 472 1631; x_wconf 33' lang='lat' dir='ltr'><strong>persuadetur,‘qnod</strong></span> <span class='ocrx_word' id='word_1_102' title='bbox 493 1548 554 1607; x_wconf 88' lang='lat' dir='ltr'><strong>sint</strong></span> <span class='ocrx_word' id='word_1_103' title='bbox 574 1552 757 1626; x_wconf 70' lang='lat' dir='ltr'><strong>peccatores,</strong></span> <span class='ocrx_word' id='word_1_104' title='bbox 778 1553 809 1608; x_wconf 89' lang='lat' dir='ltr'><strong>et</strong></span> <span class='ocrx_word' id='word_1_105' title='bbox 830 1548 909 1626; x_wconf 89' lang='lat' dir='ltr'><strong>quod</strong></span> <span class='ocrx_word' id='word_1_106' title='bbox 930 1569 1007 1630; x_wconf 86' lang='lat' dir='ltr'><strong>opus</strong></span> 
     </span>
    </p>

    <p class='ocr_par' dir='ltr' id='par_1_8' title="bbox 20 1648 1007 1732">
     <span class='ocr_line' id='line_1_15' title="bbox 20 1648 1007 1732; baseline 0 -17"><span class='ocrx_word' id='word_1_107' title='bbox 20 1690 23 1695; x_wconf 90' lang='lat'>·</span> <span class='ocrx_word' id='word_1_108' title='bbox 54 1655 189 1716; x_wconf 78' lang='lat' dir='ltr'><strong>habeant</strong></span> <span class='ocrx_word' id='word_1_109' title='bbox 215 1652 348 1732; x_wconf 73' lang='lat' dir='ltr'><strong>gratuita</strong></span> <span class='ocrx_word' id='word_1_110' title='bbox 384 1648 613 1713; x_wconf 84' lang='lat' dir='ltr'><strong>condonatione:</strong></span> <span class='ocrx_word' id='word_1_111' title='bbox 657 1657 761 1713; x_wconf 87' lang='lat' dir='ltr'><strong>contra</strong></span> <span class='ocrx_word' id='word_1_112' title='bbox 787 1649 913 1727; x_wconf 74' lang='lat' dir='ltr'><strong>Annas,</strong></span> <span class='ocrx_word' id='word_1_113' title='bbox 928 1652 1007 1715; x_wconf 77' lang='lat' dir='ltr'><strong>&#39;Cai-</strong></span> 
     </span>
    </p>

    <p class='ocr_par' dir='ltr' id='par_1_9' title="bbox 53 1755 1005 1843">
     <span class='ocr_line' id='line_1_16' title="bbox 53 1755 1005 1843; baseline -0.002 -23"><span class='ocrx_word' id='word_1_114' title='bbox 53 1762 134 1843; x_wconf 89' lang='lat' dir='ltr'><strong>phas</strong></span> <span class='ocrx_word' id='word_1_115' title='bbox 155 1763 188 1819; x_wconf 87' lang='lat' dir='ltr'><strong>et</strong></span> <span class='ocrx_word' id='word_1_116' title='bbox 208 1759 258 1817; x_wconf 86' lang='lat' dir='ltr'><strong>alii</strong></span> <span class='ocrx_word' id='word_1_117' title='bbox 277 1755 446 1837; x_wconf 88' lang='lat' dir='ltr'><strong>pharisaei,</strong></span> <span class='ocrx_word' id='word_1_118' title='bbox 461 1773 536 1816; x_wconf 86' lang='lat' dir='ltr'><strong>cnm</strong></span> <span class='ocrx_word' id='word_1_119' title='bbox 555 1756 629 1817; x_wconf 81' lang='lat' dir='ltr'><strong>haec</strong></span> <span class='ocrx_word' id='word_1_120' title='bbox 650 1757 792 1829; x_wconf 86' lang='lat' dir='ltr'><strong>audiunt,</strong></span> <span class='ocrx_word' id='word_1_121' title='bbox 809 1756 926 1832; x_wconf 82' lang='lat' dir='ltr'><strong>rident,</strong></span> <span class='ocrx_word' id='word_1_122' title='bbox 949 1778 1005 1837; x_wconf 82' lang='lat' dir='ltr'><strong>nec</strong></span> 
     </span>
    </p>

    <p class='ocr_par' dir='ltr' id='par_1_10' title="bbox 52 1861 751 1947">
     <span class='ocr_line' id='line_1_17' title="bbox 52 1861 751 1947; baseline -0.009 -20"><span class='ocrx_word' id='word_1_123' title='bbox 52 1871 185 1947; x_wconf 83' lang='lat' dir='ltr'><strong>possunt</strong></span> <span class='ocrx_word' id='word_1_124' title='bbox 203 1864 292 1933; x_wconf 84' lang='lat' dir='ltr'><strong>terre,</strong></span> <span class='ocrx_word' id='word_1_125' title='bbox 312 1865 348 1921; x_wconf 87' lang='lat' dir='ltr'><strong>nt</strong></span> <span class='ocrx_word' id='word_1_126' title='bbox 369 1879 388 1920; x_wconf 86' lang='lat' dir='ltr'><strong>a</strong></span> <span class='ocrx_word' id='word_1_127' title='bbox 407 1878 556 1937; x_wconf 82' lang='lat' dir='ltr'><strong>quoquam</strong></span> <span class='ocrx_word' id='word_1_128' title='bbox 577 1861 751 1921; x_wconf 82' lang='lat' dir='ltr'><strong>doceantur.</strong></span> 
     </span>
    </p>

    <p class='ocr_par' dir='ltr' id='par_1_11' title="bbox 10 1964 1004 2046">
     <span class='ocr_line' id='line_1_18' title="bbox 10 1964 1004 2046; baseline 0.002 -18"><span class='ocrx_word' id='word_1_129' title='bbox 10 2036 12 2041; x_wconf 67' lang='lat'><strong>,</strong></span> <span class='ocrx_word' id='word_1_130' title='bbox 39 1986 56 2007; x_wconf 43' lang='lat' dir='ltr'><strong>v·</strong></span> <span class='ocrx_word' id='word_1_131' title='bbox 140 1969 229 2035; x_wconf 75' lang='lat' dir='ltr'><strong>(tund</strong></span> <span class='ocrx_word' id='word_1_132' title='bbox 249 1969 350 2027; x_wconf 88' lang='lat' dir='ltr'><strong>antem</strong></span> <span class='ocrx_word' id='word_1_133' title='bbox 376 1964 416 2024; x_wconf 86' lang='lat' dir='ltr'><strong>ed</strong></span> <span class='ocrx_word' id='word_1_134' title='bbox 443 1968 588 2042; x_wconf 85' lang='lat' dir='ltr'><strong>utrosque</strong></span> <span class='ocrx_word' id='word_1_135' title='bbox 608 1966 730 2039; x_wconf 86' lang='lat' dir='ltr'><strong>attinet,</strong></span> <span class='ocrx_word' id='word_1_136' title='bbox 759 1967 925 2046; x_wconf 84' lang='lat' dir='ltr'><strong>justissime</strong></span> <span class='ocrx_word' id='word_1_137' title='bbox 952 1968 1004 2030; x_wconf 88' lang='lat' dir='ltr'><strong>de·</strong></span> 
     </span>
    </p>

    <p class='ocr_par' dir='ltr' id='par_1_12' title="bbox 51 2067 1004 2157">
     <span class='ocr_line' id='line_1_19' title="bbox 51 2067 1004 2157; baseline -0.004 -19"><span class='ocrx_word' id='word_1_138' title='bbox 51 2076 153 2138; x_wconf 82' lang='lat' dir='ltr'><strong>crevit</strong></span> <span class='ocrx_word' id='word_1_139' title='bbox 164 2073 247 2133; x_wconf 87' lang='lat' dir='ltr'><strong>Dens</strong></span> <span class='ocrx_word' id='word_1_140' title='bbox 265 2072 413 2150; x_wconf 78' lang='lat' dir='ltr'><strong>justitiam</strong></span> <span class='ocrx_word' id='word_1_141' title='bbox 433 2067 646 2155; x_wconf 74' lang='lat' dir='ltr'><strong>aestimandam</strong></span> <span class='ocrx_word' id='word_1_142' title='bbox 662 2090 742 2157; x_wconf 86' lang='lat' dir='ltr'><strong>esse,</strong></span> <span class='ocrx_word' id='word_1_143' title='bbox 764 2091 823 2133; x_wconf 91' lang='lat' dir='ltr'><strong>non</strong></span> <span class='ocrx_word' id='word_1_144' title='bbox 839 2072 1004 2134; x_wconf 85' lang='lat' dir='ltr'><strong>secundnm</strong></span> 
     </span>
    </p>

    <p class='ocr_par' dir='ltr' id='par_1_13' title="bbox 50 2162 1030 2361">
     <span class='ocr_line' id='line_1_20' title="bbox 51 2162 1030 2261; baseline -0.005 -20"><span class='ocrx_word' id='word_1_145' title='bbox 51 2198 150 2261; x_wconf 89' lang='lat' dir='ltr'><strong>opera</strong></span> <span class='ocrx_word' id='word_1_146' title='bbox 168 2162 286 2249; x_wconf 83' lang='lat' dir='ltr'><strong>nostra,</strong></span> <span class='ocrx_word' id='word_1_147' title='bbox 315 2173 370 2234; x_wconf 86' lang='lat' dir='ltr'><strong>sed</strong></span> <span class='ocrx_word' id='word_1_148' title='bbox 390 2173 565 2253; x_wconf 89' lang='lat' dir='ltr'><strong>simpliciter</strong></span> <span class='ocrx_word' id='word_1_149' title='bbox 585 2175 749 2237; x_wconf 85' lang='lat' dir='ltr'><strong>secundum</strong></span> <span class='ocrx_word' id='word_1_150' title='bbox 769 2175 1003 2238; x_wconf 79' lang='lat' dir='ltr'><strong>misericordiam</strong></span> <span class='ocrx_word' id='word_1_151' title='bbox 1026 2172 1030 2189; x_wconf 91' lang='lat'><em>&#39;</em></span> 
     </span>
     <span class='ocr_line' id='line_1_21' title="bbox 50 2274 1003 2361; baseline -0.007 -13"><span class='ocrx_word' id='word_1_152' title='bbox 50 2291 87 2348; x_wconf 87' lang='lat' dir='ltr'><strong>et</strong></span> <span class='ocrx_word' id='word_1_153' title='bbox 106 2283 307 2346; x_wconf 87' lang='lat' dir='ltr'><strong>remissionem</strong></span> <span class='ocrx_word' id='word_1_154' title='bbox 327 2274 598 2361; x_wconf 71' lang='lat' dir='ltr'><strong>poccatorun20).</strong></span> <span class='ocrx_word' id='word_1_155' title='bbox 639 2280 719 2345; x_wconf 76' lang='lat' dir='ltr'><strong>(inin</strong></span> <span class='ocrx_word' id='word_1_156' title='bbox 739 2283 765 2340; x_wconf 87' lang='lat' dir='ltr'><strong>si</strong></span> <span class='ocrx_word' id='word_1_157' title='bbox 777 2280 902 2358; x_wconf 82' lang='lat' dir='ltr'><strong>&#39;justitia</strong></span> <span class='ocrx_word' id='word_1_158' title='bbox 921 2285 1003 2341; x_wconf 86' lang='lat' dir='ltr'><strong>esset</strong></span> 
     </span>
    </p>

    <p class='ocr_par' dir='ltr' id='par_1_14' title="bbox 24 2370 1072 3410">
     <span class='ocr_line' id='line_1_22' title="bbox 49 2370 1072 2471; baseline -0.008 -18"><span class='ocrx_word' id='word_1_159' title='bbox 49 2411 90 2454; x_wconf 84' lang='lat' dir='ltr'><strong>ex</strong></span> <span class='ocrx_word' id='word_1_160' title='bbox 117 2370 258 2471; x_wconf 79' lang='lat' dir='ltr'><strong>operibns</strong></span> <span class='ocrx_word' id='word_1_161' title='bbox 285 2390 338 2446; x_wconf 85' lang='lat' dir='ltr'><strong>ant</strong></span> <span class='ocrx_word' id='word_1_162' title='bbox 358 2387 447 2466; x_wconf 74' lang='lat' dir='ltr'><strong>iege,</strong></span> <span class='ocrx_word' id='word_1_163' title='bbox 480 2403 603 2445; x_wconf 83' lang='lat' dir='ltr'><strong>necessa</strong></span> <span class='ocrx_word' id='word_1_164' title='bbox 630 2388 710 2444; x_wconf 87' lang='lat' dir='ltr'><strong>esset</strong></span> <span class='ocrx_word' id='word_1_165' title='bbox 738 2389 791 2443; x_wconf 86' lang='lat' dir='ltr'><strong>aut</strong></span> <span class='ocrx_word' id='word_1_166' title='bbox 818 2384 1003 2464; x_wconf 76' lang='lat' dir='ltr'><strong>desperatio-</strong></span> <span class='ocrx_word' id='word_1_167' title='bbox 1070 2422 1072 2427; x_wconf 83' lang='lat'><em>.</em></span> 
     </span>
     <span class='ocr_line' id='line_1_23' title="bbox 46 2490 1002 2572; baseline -0.008 -14"><span class='ocrx_word' id='word_1_168' title='bbox 46 2514 122 2558; x_wconf 85' lang='lat' dir='ltr'><strong>nem</strong></span> <span class='ocrx_word' id='word_1_169' title='bbox 152 2492 300 2572; x_wconf 70' lang='lat' dir='ltr'><strong>sequier</strong></span> <span class='ocrx_word' id='word_1_170' title='bbox 326 2491 394 2571; x_wconf 77' lang='lat' dir='ltr'><strong>lego</strong></span> <span class='ocrx_word' id='word_1_171' title='bbox 422 2508 481 2551; x_wconf 89' lang='lat' dir='ltr'><strong>non</strong></span> <span class='ocrx_word' id='word_1_172' title='bbox 499 2490 614 2549; x_wconf 82' lang='lat' dir='ltr'><strong>sancte</strong></span> <span class='ocrx_word' id='word_1_173' title='bbox 634 2491 754 2549; x_wconf 80' lang='lat' dir='ltr'><strong>servata</strong></span> <span class='ocrx_word' id='word_1_174' title='bbox 774 2494 827 2549; x_wconf 88' lang='lat' dir='ltr'><strong>ant</strong></span> <span class='ocrx_word' id='word_1_175' title='bbox 846 2505 1002 2568; x_wconf 86' lang='lat' dir='ltr'><strong>praesum·</strong></span> 
     </span>
     <span class='ocr_line' id='line_1_24' title="bbox 24 2593 1002 2672; baseline -0.007 -11"><span class='ocrx_word' id='word_1_176' title='bbox 24 2594 29 2607; x_wconf 82' lang='lat'>&#39;</span> <span class='ocrx_word' id='word_1_177' title='bbox 47 2603 172 2672; x_wconf 86' lang='lat' dir='ltr'><strong>tionem,</strong></span> <span class='ocrx_word' id='word_1_178' title='bbox 193 2599 219 2658; x_wconf 95' lang='lat' dir='ltr'><strong>si</strong></span> <span class='ocrx_word' id='word_1_179' title='bbox 239 2601 358 2657; x_wconf 83' lang='lat' dir='ltr'><strong>servata</strong></span> <span class='ocrx_word' id='word_1_180' title='bbox 378 2599 469 2657; x_wconf 86' lang='lat' dir='ltr'><strong>esset.</strong></span> <span class='ocrx_word' id='word_1_181' title='bbox 509 2595 543 2654; x_wconf 90' lang='lat' dir='ltr'><strong>in</strong></span> <span class='ocrx_word' id='word_1_182' title='bbox 564 2593 772 2672; x_wconf 84' lang='lat' dir='ltr'><strong>desperatione</strong></span> <span class='ocrx_word' id='word_1_183' title='bbox 793 2596 892 2653; x_wconf 84' lang='lat' dir='ltr'><strong>sutem</strong></span> <span class='ocrx_word' id='word_1_184' title='bbox 913 2593 1002 2654; x_wconf 89' lang='lat' dir='ltr'><strong>timor</strong></span> 
     </span>
     <span class='ocr_line' id='line_1_25' title="bbox 47 2683 1056 2783; baseline -0.004 -19"><span class='ocrx_word' id='word_1_185' title='bbox 47 2704 148 2783; x_wconf 71' lang='lat' dir='ltr'><strong>mator</strong></span> <span class='ocrx_word' id='word_1_186' title='bbox 168 2705 229 2773; x_wconf 85' lang='lat' dir='ltr'><strong>est,</strong></span> <span class='ocrx_word' id='word_1_187' title='bbox 256 2720 346 2779; x_wconf 87' lang='lat' dir='ltr'><strong>qnam</strong></span> <span class='ocrx_word' id='word_1_188' title='bbox 369 2700 478 2760; x_wconf 86' lang='lat' dir='ltr'><strong>debeat</strong></span> <span class='ocrx_word' id='word_1_189' title='bbox 498 2718 582 2770; x_wconf 88' lang='lat' dir='ltr'><strong>esse,</strong></span> <span class='ocrx_word' id='word_1_190' title='bbox 615 2699 646 2757; x_wconf 89' lang='lat' dir='ltr'><strong>in</strong></span> <span class='ocrx_word' id='word_1_191' title='bbox 667 2698 889 2778; x_wconf 86' lang='lat' dir='ltr'><strong>praesumtione</strong></span> <span class='ocrx_word' id='word_1_192' title='bbox 908 2683 1000 2778; x_wconf 84' lang='lat' dir='ltr'><strong>pians</strong></span> <span class='ocrx_word' id='word_1_193' title='bbox 1051 2734 1056 2741; x_wconf 93' lang='lat'><strong>·</strong></span> 
     </span>
     <span class='ocr_line' id='line_1_26' title="bbox 46 2800 998 2895; baseline -0.003 -29"><span class='ocrx_word' id='word_1_194' title='bbox 46 2807 153 2895; x_wconf 81' lang='lat' dir='ltr'><strong>malias</strong></span> <span class='ocrx_word' id='word_1_195' title='bbox 173 2808 261 2866; x_wconf 84' lang='lat' dir='ltr'><strong>timor</strong></span> <span class='ocrx_word' id='word_1_196' title='bbox 281 2811 335 2866; x_wconf 84' lang='lat' dir='ltr'><strong>est</strong></span> <span class='ocrx_word' id='word_1_197' title='bbox 392 2805 493 2866; x_wconf 84' lang='lat' dir='ltr'><strong>Media</strong></span> <span class='ocrx_word' id='word_1_198' title='bbox 524 2805 617 2884; x_wconf 79' lang='lat' dir='ltr'><strong>igitur</strong></span> <span class='ocrx_word' id='word_1_199' title='bbox 636 2804 688 2863; x_wconf 82' lang='lat' dir='ltr'><strong>&#39;ria</strong></span> <span class='ocrx_word' id='word_1_200' title='bbox 708 2808 780 2876; x_wconf 86' lang='lat' dir='ltr'><strong>est,</strong></span> <span class='ocrx_word' id='word_1_201' title='bbox 814 2801 894 2880; x_wconf 85' lang='lat' dir='ltr'><strong>quod</strong></span> <span class='ocrx_word' id='word_1_202' title='bbox 913 2800 998 2863; x_wconf 84' lang='lat' dir='ltr'><strong>Dens</strong></span> 
     </span>
     <span class='ocr_line' id='line_1_27' title="bbox 47 2907 1000 2986; baseline -0.008 -10"><span class='ocrx_word' id='word_1_203' title='bbox 47 2914 148 2976; x_wconf 79' lang='lat' dir='ltr'><strong>omnin</strong></span> <span class='ocrx_word' id='word_1_204' title='bbox 170 2909 320 2971; x_wconf 87' lang='lat' dir='ltr'><strong>concludit</strong></span> <span class='ocrx_word' id='word_1_205' title='bbox 332 2913 370 2970; x_wconf 79' lang='lat' dir='ltr'><strong>‘in</strong></span> <span class='ocrx_word' id='word_1_206' title='bbox 389 2910 630 2970; x_wconf 87' lang='lat' dir='ltr'><strong>misericordiam.</strong></span> <span class='ocrx_word' id='word_1_207' title='bbox 654 2945 656 2949; x_wconf 95' lang='lat'>·</span> <span class='ocrx_word' id='word_1_208' title='bbox 680 2908 746 2970; x_wconf 83' lang='lat' dir='ltr'><strong>Non</strong></span> <span class='ocrx_word' id='word_1_209' title='bbox 774 2907 894 2986; x_wconf 83' lang='lat' dir='ltr'><strong>quidem</strong></span> <span class='ocrx_word' id='word_1_210' title='bbox 920 2907 1000 2969; x_wconf 86' lang='lat' dir='ltr'><strong>toiiit</strong></span> 
     </span>
     <span class='ocr_line' id='line_1_28' title="bbox 45 3011 999 3105; baseline -0.009 -24"><span class='ocrx_word' id='word_1_211' title='bbox 45 3022 154 3100; x_wconf 68' lang='lat' dir='ltr'><strong>legem,</strong></span> <span class='ocrx_word' id='word_1_212' title='bbox 175 3031 242 3077; x_wconf 85' lang='lat' dir='ltr'><strong>nam</strong></span> <span class='ocrx_word' id='word_1_213' title='bbox 253 3016 328 3076; x_wconf 89' lang='lat' dir='ltr'><strong>hacc</strong></span> <span class='ocrx_word' id='word_1_214' title='bbox 340 3016 402 3075; x_wconf 83' lang='lat' dir='ltr'><strong>vita</strong></span> <span class='ocrx_word' id='word_1_215' title='bbox 412 3017 476 3075; x_wconf 86' lang='lat' dir='ltr'><strong>sina</strong></span> <span class='ocrx_word' id='word_1_216' title='bbox 488 3014 555 3105; x_wconf 77' lang='lat' dir='ltr'><strong>lege</strong></span> <span class='ocrx_word' id='word_1_217' title='bbox 567 3033 625 3074; x_wconf 90' lang='lat' dir='ltr'><strong>non</strong></span> <span class='ocrx_word' id='word_1_218' title='bbox 638 3018 739 3094; x_wconf 87' lang='lat' dir='ltr'><strong>potest</strong></span> <span class='ocrx_word' id='word_1_219' title='bbox 752 3011 999 3091; x_wconf 77' lang='lat' dir='ltr'><strong>consistere⁸⁶),.</strong></span> 
     </span>
     <span class='ocr_line' id='line_1_29' title="bbox 46 3099 995 3199; baseline -0.007 -14"><span class='ocrx_word' id='word_1_220' title='bbox 46 3127 136 3193; x_wconf 67' lang='lat' dir='ltr'><strong>Quae</strong></span> <span class='ocrx_word' id='word_1_221' title='bbox 157 3124 234 3184; x_wconf 87' lang='lat' dir='ltr'><strong>enim</strong></span> <span class='ocrx_word' id='word_1_222' title='bbox 256 3120 439 3199; x_wconf 85' lang='lat' dir='ltr'><strong>reipublicae</strong></span> <span class='ocrx_word' id='word_1_223' title='bbox 464 3120 559 3178; x_wconf 87' lang='lat' dir='ltr'><strong>iorma</strong></span> <span class='ocrx_word' id='word_1_224' title='bbox 573 3099 687 3178; x_wconf 68' lang='lat' dir='ltr'><strong>&#39;rutum</strong></span> <span class='ocrx_word' id='word_1_225' title='bbox 708 3123 803 3192; x_wconf 82' lang='lat' dir='ltr'><strong>esset,</strong></span> <span class='ocrx_word' id='word_1_226' title='bbox 830 3111 856 3179; x_wconf 83' lang='lat' dir='ltr'><strong>&#39;si</strong></span> <span class='ocrx_word' id='word_1_227' title='bbox 876 3117 995 3180; x_wconf 83' lang='lat' dir='ltr'><strong>caedes.</strong></span> 
     </span>
     <span class='ocr_line' id='line_1_30' title="bbox 44 3221 1008 3311; baseline -0.008 -22"><span class='ocrx_word' id='word_1_228' title='bbox 44 3229 211 3298; x_wconf 82' lang='lat' dir='ltr'><strong>adulteria,</strong></span> <span class='ocrx_word' id='word_1_229' title='bbox 233 3221 315 3285; x_wconf 78' lang='lat' dir='ltr'><strong>isirin</strong></span> <span class='ocrx_word' id='word_1_230' title='bbox 334 3228 454 3304; x_wconf 90' lang='lat' dir='ltr'><strong>impune</strong></span> <span class='ocrx_word' id='word_1_231' title='bbox 473 3223 726 3311; x_wconf 82' lang='lat' dir='ltr'><strong>admitterentnri</strong></span> <span class='ocrx_word' id='word_1_232' title='bbox 768 3222 884 3310; x_wconf 84' lang='lat' dir='ltr'><strong>Deipda</strong></span> <span class='ocrx_word' id='word_1_233' title='bbox 909 3226 1008 3302; x_wconf 65' lang='lat' dir='ltr'><strong>opor-¹</strong></span> 
     </span>
     <span class='ocr_line' id='line_1_31' title="bbox 46 3326 993 3410; baseline -0.008 -15"><span class='ocrx_word' id='word_1_234' title='bbox 46 3339 95 3395; x_wconf 86' lang='lat' dir='ltr'><strong>tet</strong></span> <span class='ocrx_word' id='word_1_235' title='bbox 123 3334 213 3392; x_wconf 87' lang='lat' dir='ltr'><strong>etiam</strong></span> <span class='ocrx_word' id='word_1_236' title='bbox 239 3332 356 3410; x_wconf 86' lang='lat' dir='ltr'><strong>piorum</strong></span> <span class='ocrx_word' id='word_1_237' title='bbox 383 3329 525 3390; x_wconf 84' lang='lat' dir='ltr'><strong>exercitia</strong></span> <span class='ocrx_word' id='word_1_238' title='bbox 551 3333 584 3390; x_wconf 89' lang='lat' dir='ltr'><strong>et</strong></span> <span class='ocrx_word' id='word_1_239' title='bbox 610 3346 704 3409; x_wconf 85' lang='lat' dir='ltr'><strong>opera</strong></span> <span class='ocrx_word' id='word_1_240' title='bbox 731 3331 822 3389; x_wconf 80' lang='lat' dir='ltr'><strong>serbo</strong></span> <span class='ocrx_word' id='word_1_241' title='bbox 841 3326 898 3388; x_wconf 87' lang='lat' dir='ltr'><strong>[tei</strong></span> <span class='ocrx_word' id='word_1_242' title='bbox 928 3329 993 3406; x_wconf 77' lang='lat' dir='ltr'><strong>regi</strong></span> 
     </span>
    </p>
   </div>
   <div class='ocr_carea' id='block_1_3' title="bbox 45 3509 992 3699">
    <p class='ocr_par' dir='ltr' id='par_1_15' title="bbox 45 3509 992 3699">
     <span class='ocr_line' id='line_1_32' title="bbox 113 3509 992 3592; baseline -0.006 -24"><span class='ocrx_word' id='word_1_243' title='bbox 113 3515 171 3582; x_wconf 80' lang='lat' dir='ltr'><strong>aa)</strong></span> <span class='ocrx_word' id='word_1_244' title='bbox 190 3515 308 3592; x_wconf 82' lang='lat' dir='ltr'><strong>Justitis</strong></span> <span class='ocrx_word' id='word_1_245' title='bbox 333 3521 441 3571; x_wconf 81' lang='lat' dir='ltr'><strong>tantum</strong></span> <span class='ocrx_word' id='word_1_246' title='bbox 470 3521 516 3569; x_wconf 89' lang='lat' dir='ltr'><strong>cst</strong></span> <span class='ocrx_word' id='word_1_247' title='bbox 547 3526 584 3568; x_wconf 86' lang='lat' dir='ltr'><strong>ex</strong></span> <span class='ocrx_word' id='word_1_248' title='bbox 612 3513 715 3584; x_wconf 71' lang='lat' dir='ltr'><strong>gratis.</strong></span> <span class='ocrx_word' id='word_1_249' title='bbox 797 3511 851 3581; x_wconf 70' lang='lat' dir='ltr'><strong>dt)</strong></span> <span class='ocrx_word' id='word_1_250' title='bbox 882 3509 992 3582; x_wconf 68' lang='lat' dir='ltr'><strong>Lagona</strong></span> 
     </span>
     <span class='ocr_line' id='line_1_33' title="bbox 45 3602 955 3699; baseline -0.002 -34"><span class='ocrx_word' id='word_1_251' title='bbox 45 3625 104 3665; x_wconf 81' lang='lat' dir='ltr'><strong>sos</strong></span> <span class='ocrx_word' id='word_1_252' title='bbox 123 3608 187 3664; x_wconf 83' lang='lat' dir='ltr'><strong>toiit</strong></span> <span class='ocrx_word' id='word_1_253' title='bbox 205 3606 295 3675; x_wconf 73' lang='lat' dir='ltr'><strong>nens,</strong></span> <span class='ocrx_word' id='word_1_254' title='bbox 312 3613 456 3699; x_wconf 69' lang='lat' dir='ltr'><strong>¹attamen</strong></span> <span class='ocrx_word' id='word_1_255' title='bbox 473 3607 521 3663; x_wconf 85' lang='lat' dir='ltr'><strong>isx</strong></span> <span class='ocrx_word' id='word_1_256' title='bbox 539 3606 574 3699; x_wconf 80' lang='lat' dir='ltr'><strong>ad</strong></span> <span class='ocrx_word' id='word_1_257' title='bbox 592 3605 732 3674; x_wconf 79' lang='lat' dir='ltr'><strong>iustitiam</strong></span> <span class='ocrx_word' id='word_1_258' title='bbox 749 3603 817 3660; x_wconf 80' lang='lat' dir='ltr'><strong>nihii</strong></span> <span class='ocrx_word' id='word_1_259' title='bbox 836 3602 916 3663; x_wconf 73' lang='lat' dir='ltr'><strong>insit</strong></span> <span class='ocrx_word' id='word_1_260' title='bbox 952 3622 955 3629; x_wconf 86' lang='grc'><strong>’</strong></span> 
     </span>
    </p>
   </div>
   <div class='ocr_carea' id='block_1_4' title="bbox 0 0 1106 4058">
    <p class='ocr_par' dir='ltr' id='par_1_16' title="bbox 0 0 1106 4058">
     <span class='ocr_line' id='line_1_34' title="bbox 0 0 1106 4058; baseline 0 3"><span class='ocrx_word' id='word_1_261' title='bbox 0 0 1106 4058; x_wconf 95' lang='lat' dir='ltr'><strong> </strong></span> 
     </span>
    </p>
   </div>
  </div>
 </body>
</html>
