2204 4058
332 220 720 311 lnP'a‘alm.Grad.
812 254 817 265 “
923 240 1056 317 Ἰὓδκ

10 452 18 460 .
61 386 164 489 ψη
184 397 326 477 corporis.
367 390 453 460 llaec
473 402 604 483 pingunt
624 408 656 464 et
682 407 792 465 ornant
810 406 934 483 patrum
954 422 1022 465 sen·

62 499 178 561 tentiis.
204 496 406 577 Augustinus
437 499 541 560 delinit
560 499 791 571 ,sacramentum
819 522 886 563 esso
918 520 1021 564 sacrae

63 599 111 659 rei
132 585 259 676 signum,
279 598 373 677 igitur
391 598 441 659 hic
462 605 508 661 cst
521 607 740 661 sacramentum
757 602 890 681 corporis
899 601 1021 674 Christi,

33 684 36 695 ¹
63 698 123 759 hoc
145 708 211 771 est,
239 697 371 775 signum,
402 712 474 759 'non
513 702 612 779 ipsum
653 720 772 781 corpus.
815 701 878 760 Sed
909 718 1020 778 quaeso
1067 755 1072 761 .

26 806 30 811 '
63 795 449 879 montemaureum,
479 800 515 877 si,
535 806 588 858 aut
614 801 692 859 hanc
710 799 871 879 Augustini
902 803 1021 860 senten-

62 898 138 959 uam
167 914 227 955 non
248 895 407 967 haberent,
433 902 489 965 ant
516 892 693 958 sacramenti
725 899 887 978 appellatio
906 917 1019 959 coenae

63 996 175 1059 domini
196 1014 347 1073 nunquam
368 1000 448 1056 osset
469 997 583 1059 inditat
614 1001 693 1059 sicut
721 1001 811 1058 etiam
831 999 862 1057 in
882 998 1016 1077 profanis
1040 972 1055 1069 μ’

16 1096 19 1101 ’
62 1096 263 1177 scriptoribus
277 1095 432 1169 'videmus‚
465 1114 554 1177 quam
585 1098 674 1178 longe
706 1098 793 1171 aliter
813 1095 1016 1179 appellatione

15 1260 21 1267 ,
63 1194 316 1263 maurentium
335 1195 404 1255 sint
831 1182 836 1195 ’

29 1368 33 1377 ι
63 1324 67 1329 ·
146 1292 233 1355 Haec
262 1292 326 1359 tere
345 1295 509 1377 praecipua
527 1302 612 1370 sunt,
628 1288 631 1295 ’
647 1313 725 1374 quae
745 1295 844 1356 miseri
866 1294 905 1354 od
924 1296 1016 1355 uerba

63 1394 181 1457 onusti
204 1391 368 1455 evertenda
401 1394 538 1457 afferunt,
580 1399 655 1457 Nam
669 1395 763 1475 .quod
790 1400 912 1476 patrum
933 1395 1019 1455 testi·

63 1493 165 1557 monia
185 1496 373 1563 converrunt,
394 1497 426 1552 et
445 1514 552 1573 magno
574 1500 683 1557 conatu
695 1496 831 1554 nituntur
849 1492 1017 1576 ostendero,

62 1596 197 1653 veteram
216 1588 373 1663 ecclesiam
394 1593 439 1655 stc
460 1596 603 1663 sensisse,
634 1612 722 1672 quem
753 1592 839 1651 hacc.
857 1593 901 1651 ita
918 1608 1017 1651 move·

64 1694 128 1763 ant,
147 1689 272 1753 ntideo
292 1690 439 1753 acuunt
458 1694 557 1755 verbis
576 1690 733 1753 discedatt
755 1708 823 1750 cum
838 1692 1017 1772 praesertim

63 1790 216 1879 noullroc
235 1788 332 1851 solum
364 1792 493 1869 probare
525 1786 689 1871 possimus,
721 1796 838 1854 veteres
871 1791 960 1850 etiam
980 1806 1016 1851 eo

60 1890 162 1963 modo,
184 1908 243 1967 quo
262 1907 333 1960 nos,
364 1888 403 1949 de
424 1898 609 1973 sacramento
636 1912 703 1952 esse
723 1890 855 1963 locutos,
885 1889 955 1962 sed,
989 1889 1017 1950 si

64 1985 324 2068 quissimpliclter
335 1990 468 2059 ueterum
489 1993 666 2067 auctoritate
685 1983 805 2061 nitatur,
828 2008 895 2049 eum
914 2008 1018 2051 ncces-

64 2092 146 2151 aario
166 2088 261 2149 multa
280 2088 485 2167 probaturum,
507 2110 584 2168 quae
602 2092 757 2151 manifeste
773 2109 840 2151 cum
852 2108 925 2149 sana
945 2087 1016 2148 doc·

62 2190 146 2249 trino
169 2191 317 2267 pugnant.
358 2188 532 2251 Periculosa
561 2193 661 2269 itaque
695 2192 770 2251 haas
799 2190 846 2249 via
867 2194 926 2261 est,
947 2183 1024 2248 ideo'

10 2338 13 2343 .
63 2289 180 2357 cunali
198 2272 492 2366 votbadoprauare,
521 2293 590 2371 quia
609 2295 726 2350 veteres
749 2289 786 2348 de
806 2290 842 2345 ils
864 2288 951 2348 aliter
972 2286 1016 2345 vi·
1041 2335 1045 2340 .

64 2388 179 2459 dentur
203 2404 279 2445 osse
299 2385 406 2458 locuti,
438 2407 527 2465 quam
553 2408 606 2448 nos
638 2390 781 2458 solemus,
814 2388 864 2463 qui
889 2384 1014 2445 dicimus

65 2486 236 2557 Christum,
258 2485 336 2545 sicut
356 2488 447 2547 verba
468 2470 587 2559 sonant,
615 2507 683 2548 cum
703 2478 809 2567 panem
831 2474 928 2554 dedit,
962 2474 1015 2543 de·

63 2586 402 2665 dissecorpussuum‚
430 2591 461 2647 et
487 2580 554 2648 edm
576 2587 673 2646 vinum
695 2586 784 2663 dedit,
806 2584 925 2644 dedisse
946 2601 1015 2643 san-

63 2684 187 2763 guinem
208 2683 303 2763 suuu'n
345 2686 390 2745 lta
422 2688 499 2746 euim
531 2687 615 2746 nobis
637 2686 674 2746 de
695 2686 740 2745 his
760 2685 858 2746 verbis
879 2683 1015 2763 judican-

63 2784 138 2859 dum
159 2786 216 2853 ert,
236 2783 314 2845 sicut
330 2785 511 2862 judicarunt
527 2786 662 2867 apostoli,
686 2783 761 2846 cum*
773 2785 847 2844 haec
866 2786 958 2843 verba
978 2802 1014 2842 cx

64 2882 189 2971 Ghslsto
210 2881 363 2962 audirent:
404 2884 565 2965 „Accipite
587 2886 739 2957 comedite,
760 2886 817 2944 hoc
837 2888 1013 2967 cst·corpus

65 2986 197 3053 mcum.“
237 2982 301 3043 Non
322 2987 370 3044 est
390 2984 587 3064 cogitandum,
609 2985 680 3062 quid
701 2983 751 3042 ille
772 2990 825 3042 aut
843 2982 918 3040 alius
934 2980 1014 3041 dixe·

64 3084 118 3169 rit,
138 3101 209 3143 cum
228 3100 277 3143 res
298 3084 427 3144 nondum
441 3082 570 3145 ‘venisset
590 3086 619 3142 in
636 3074 889 3162 disceptationem
909 3080 1015 3161 Longo

65 3184 145 3243 auinr
165 3182 254 3277 pliter
274 3182 406 3261 ridemus
434 3183 548 3246 locutos
568 3188 671 3263 patres
698 3185 729 3242 in
750 3183 1014 3266 disceptationibus

65 3288 98 3343 ct
118 3286 205 3341 extra
225 3282 464 3363 disceptationes.
520 3351 522 3354 y

63 3426 69 3435 .
131 3374 134 3379 ’
148 3378 266 3441 Deinde
276 3380 344 3455 illis
364 3384 439 3461 ipsis
454 3383 637 3463 temporibus
651 3374 778 3462 patrum,
801 3399 927 3458 quorum
942 3397 1013 3440 auc·
1038 3376 1043 3387 ’

64 3474 190 3557 brileto
210 3481 354 3565 nituntur,
375 3483 453 3542 bona
473 3501 545 3564 pars
565 3502 656 3543 sanae
677 3482 828 3542 doctrinae
849 3481 1013 3559 depravata

62 3572 244 3663 luit,·sicut
272 3585 424 3642 testantur
446 3582 583 3660 (trigenis
611 3583 641 3640 in
663 3574 780 3661 graeca,
800 3579 961 3659 Augustini
981 3580 1014 3637 et
1080 3662 1082 3666 ι

43 3664 292 3757 *aaronem
317 3678 411 3743 launa
439 3680 565 3743 seuera
591 3678 669 3743 non.
711 3680 805 3749 antu
822 3682 928 3742 anun
939 3677 1031 3756 nne
