2190 4064
374 258 415 350 ln
442 269 579 330 Psalm.
602 248 716 331 (irad.
776 236 792 359 ι’
962 274 1022 336 »181

61 425 178 511 cessat,
200 418 255 481 sed
275 419 355 481 redit
374 423 493 501 grauior
521 425 552 483 ot
573 424 702 496 cautior,
724 426 886 500 alquanto
907 424 958 485 isti
978 426 1023 485 in-

61 524 262 590 structiones,
285 522 448 581 sanctiores
476 526 507 582 ot
535 520 681 583 doctiores
703 514 787 596 s'unt,
814 542 881 583 cum
911 520 1022 605 quous
1062 534 1064 547 '

61 619 273 699 belligeratur,
294 625 378 680 tanto
399 622 464 699 ipsc
484 622 627 681 incumbit
640 623 759 699 plectier,
780 626 863 683 tanto
884 605 1022 706 aggredi-

62 727 120 782 tur
136 740 194 780 eos
215 723 354 781 atrocius.
1009 778 1012 783 .

151 819 388 899 igiturSptritus
410 823 531 879 sanctus
553 821 684 896 loquitur
701 822 750 881 hic
770 822 933 883 secundum
954 836 1021 887 car·

64 922 114 985 nis
146 938 287 991 sensum,
312 917 369 978 hoc
391 923 444 992 est,
466 920 628 981 secundum
658 923 865 1000 cogitationes,
893 906 976 1001 quas
988 926 1021 985 iu

63 1019 203 1102 periculo
224 1019 280 1079 hoc
299 1018 412 1079 habent
432 1021 543 1099 sancti,
565 1025 596 1079 et
615 1025 702 1079 vocat
722 1022 845 1102 impium
866 1022 1018 1085 doctorem

64 1120 208 1199 ngittsm
229 1119 260 1177 io
280 1137 371 1177 manu
394 1121 536 1199 potentis.
578 1121 611 1178 Si
639 1121 725 1179 enim·
738 1101 857 1201 spectes
878 1122 1018 1193 adversa-

63 1218 179 1279 riorum
199 1216 433 1290 multitudinem,
454 1218 622 1290 audaciam,
644 1220 769 1299 glorias,
793 1221 908 1294 studia,
929 1241 1019 1283 cona·

63 1322 132 1390 ms,
161 1316 376 1396 pertinaciam,
410 1319 821 1398 ingeniorumceleritatem,
857 1320 1016 1395 vafriciem,

63 1437 125 1499 qua
148 1417 274 1477 eludunt
305 1422 359 1477 aut
379 1417 597 1478 calumniantur
630 1424 732 1479 sancte
759 1420 853 1491 dicta,
874 1419 1015 1482 uidentur
1066 1434 1069 1438 ’

64 1519 240 1598 oppressuri
261 1515 423 1591 ecclesiam,
447 1535 524 1592 quae
543 1517 645 1578 multis
665 1519 760 1577 modis
780 1519 900 1579 interior
921 1523 951 1580 et
971 1523 1017 1579 iu-

62 1618 179 1677 firmior
217 1616 408 1694 judicatum·
435 1616 528 1677 Satan
561 1618 662 1692 itaque
696 1635 752 1676 ceu
791 1616 893 1689 telum,
935 1619 1016 1695 qnod

61 1716 150 1779 nulla
194 1733 278 1777 arma
305 1716 476 1776 sustinere
511 1719 651 1796 possunt,
692 1715 811 1776 uidetur
852 1718 1016 1797 triumpha*

61 1821 154 1879 turus
176 1834 252 1887 esse,
273 1814 328 1875 scd
348 1816 374 1875 si
392 1812 484 1873 finem
502 1817 664 1894 exspectes,
686 1817 867 1879 contrarium
883 1817 1015 1897 experia-

61 1918 115 1977 ris.
159 1916 247 1975 Sicut
280 1915 375 1973 enim.
391 1914 517 1975 ecclesia
551 1918 676 1993 propter
696 1914 910 1990 infirmitatem,
945 1935 1014 1977 cum
1074 1984 1076 1989 ,

61 2014 286 2076 multitudinem
317 2014 447 2073 hostium
480 2033 517 2075 ac
537 2032 657 2074 suorum
677 2017 858 2094 paucitatem
879 2015 1014 2077 conside·

60 2120 120 2189 rat,
134 2116 290 2189 ,lambetam
311 2132 347 2173 ac
368 2114 484 2172 ruinam
503 2114 616 2185 metuit,
638 2116 679 2174 ita
691 2117 784 2175 Satan
805 2115 925 2176 intlatur
945 2133 1014 2176 suu·

62 2227 252 2288 assemsum
273 2213 354 2272 videt
375 2214 415 2271 ad
433 2215 561 2294 primum
578 2220 716 2275 conatum
731 2196 827 2274 omnia
838 2204 1010 2295 procedere

60 2317 137 2377 Nam
159 2315 296 2376 doctriua
321 2313 412 2392 impia
433 2315 526 2392 serpit
551 2319 587 2372 ut
608 2332 729 2384 cancer,
766 2319 797 2374 et
823 2314 947 2373 maxima
967 2313 1012 2371 in-

60 2416 216 2479 crementa
245 2415 276 2472 in
297 2412 385 2471 horas
413 2414 518 2484 sumit,
554 2415 595 2472 ita
627 2420 678 2472 ut⁴
694 2415 725 2472 in
744 2408 824 2473 bene
840 2413 1011 2472 constitutis
1064 2489 1067 2496 Ι

61 2514 219 2586 ecclesiis,
241 2508 353 2590 qualis,
375 2511 444 2590 ,Dei
471 2515 581 2590 gratia,
600 2504 687 2571 *haec
707 2521 810 2571 nostra
831 2516 891 2584 est,
914 2511 1011 2572 sicui

59 2615 190 2675 lanatico
210 2613 295 2673 locus
316 2610 441 2672 docendi
460 2613 666 2691 permittatur,
697 2612 795 2692 subito
822 2613 919 2673 omnia
939 2611 1010 2671 sub-
1060 2670 1063 2675 .

58 2720 227 2777 tutamur.
257 2712 322 2773 ,Sic
353 2712 520 2791 perrumpit
553 2712 662 2789 sagitta
695 2710 777 2771 haec.
820 2711 904 2772 curt
939 2711 1010 2788 quia

60 2814 226 2895 impellitur
247 2830 265 2869 a
287 2812 418 2883 satana,
450 2815 480 2869 et
507 2808 615 2889 vulgus
642 2814 687 2869 est
708 2829 769 2869 ceu¹
784 2810 901 2874 officina
922 2811 1010 2870 Satu-

59 2933 116 2973 uas
130 2910 207 2990 1ἲ),
239 2912 366 2993 propter
396 2908 548 2969 lastidium
584 2916 615 2969 et
650 2913 830 2971 contemtum
862 2907 1008 2987 quotidia-

61 3013 186 3090 num’).
229 3010 323 3089 teuta„
338 2990 437 3068 autern
462 3010 604 3070 haeretici
627 3010 755 3069 aretari
785 3013 816 3069 et
837 3006 1008 3087 quotidiana

59 3114 174 3175 ratione
194 3109 322 3170 docendi
343 3107 508 3179 discedunt,
530 3113 698 3195 etsempor
719 3127 793 3169 nova
807 3108 943 3178 afferunt,
963 3106 1006 3189 fit,

59 3210 141 3291 quod
160 3211 261 3272 llloses
296 3208 383 3278 dicit,
418 3211 454 3267 ut
483 3209 581 3266 ebrius
614 3207 821 3287 apprehendat
850 3208 1007 3281 sitientem,

58 3318 89 3373 et
108 3314 239 3389 sagittae
260 3311 337 3369 istae
357 3308 385 3366 vi
406 3311 610 3387 perrumpant·
775 3326 778 3330 ’

140 3410 235 3470 Porro
255 3409 288 3469 in
310 3407 460 3484 scriptura
479 3392 612 3466 usitatus
631 3425 750 3486 quoque
769 3411 874 3487 tropus
896 3408 950 3476 est,
970 3404 1020 3463 ut'
1086 3434 1089 3439 ⁴

36 3506 255 3591 'msslmo¹⁸)
288 3502 479 3585 appellentur
503 3508 643 3577 verbum,
665 3508 745 3567 sicut
763 3508 848 3586 patet
870 3525 904 3567 ex
923 3502 1005 3584 psal-
1027 3508 1030 3515 '
1088 3585 1091 3592 Ι

55 3612 295 3705 We
309 3632 430 3687 officina
449 3632 562 3696 diaboli.
616 3612 826 3703 18)·Ssgitlas.

10 3802 15 3813 Ι
108 3719 795 3805 ⁸)laeditprino.lsg.=puotidiaui..
912 3750 915 3759 ·
