2190 4064
22 116 26 173 ἶ
116 122 181 187 288
226 138 245 154 ⁶
315 170 372 221 '0
441 121 704 209 [instratis

118 288 235 347 earnm
262 275 343 336 stent
362 273 445 356 spnrl
466 274 652 341 matthaeum
673 275 819 337 Christus
835 232 964 359 quoqne
981 276 1054 339 tiett.

68 392 71 399 ’
117 383 237 461 „Super
273 381 446 442 cathedram
481 379 558 439 Masi
592 381 717 442 sedent“
759 368 952 457 (quanquam
980 383 1053 461 lenge

18 464 28 477 ⁵
70 464 79 473 '¹
117 485 221 565 dispar
242 488 326 546 ratio.
340 492 387 548 est
407 491 577 546 nostrornm
598 484 803 565 pontificum).
824 485 912 547 ¹'Hie
931 485 1053 563 relinquit

115 592 160 650 sis
181 570 343 651 sessionem
371 596 403 651 et
433 592 644 667 auctoritatem
664 590 812 663 docendi,
838 610 900 651 nee
921 591 983 653 vett
999 609 1052 651 ee·

90 695 228 766 ,violari
249 695 387 755 concedit
407 714 527 773 qnoque
549 695 662 754 elavem
679 696 835 755 scientiae.
878 694 949 756 lise
967 699 1052 754 antea

115 800 244 871 &meat
266 801 346 877 qnod
368 802 438 860 dnm
457 801 574 860 elevem
594 802 737 860 scientiae
758 778 888 872 habent,
910 804 942 860 et
960 798 1050 859 sedent

26 917 29 923 ·
114 906 145 964 in
167 905 276 976 utfinis,
293 896 404 964 'tamen
426 909 640 984 praeterquam
666 904 747 981 qnod
768 905 828 982 ipsi
850 923 888 964 se
909 906 987 983 ipsus
1003 921 1050 965 nen

113 1010 238 1079 docent,
272 1011 361 1069 etism
391 1009 465 1069 alios
487 1010 653 1081 seducunt,
689 1027 865 1095 quenquam
893 1008 944 1070 hie
975 1012 1051 1069 enan

112 1113 376 1197 eeclesia-reliqna
398 1116 444 1171 sni
468 1108 614 1190 juris⁶³)
638 1112 808 1171 meminisse
838 1110 943 1174 debet.
984 1113 1051 1177 eris

111 1220 190 1276 eninr
211 1219 305 1276 nostri
322 1217 454 1295 episcopi
476 1235 574 1292 neque
596 1216 705 1277 docent
726 1217 795 1296 ipsi,
817 1234 876 1274 nee
892 1218 973 1293 asnis
992 1217 1049 1277 siau·

111 1323 226 1380 turibus
247 1321 420 1398 relinquunt
441 1315 539 1381 locum
568 1321 711 1392 docendi,
742 1326 773 1379 et
795 1325 899 1380 tamen
921 1322 1048 1385 fruuntur
1076 1360 1080 1373 ·

110 1425 260 1486 beneficiis
282 1427 484 1496 ecclesiarum,
507 1431 597 1503 etque
619 1427 655 1485 iis
677 1426 845 1487 abutuntur
867 1427 909 1486 ad
929 1427 1048 1489 faedissi-
1084 1486 1086 1495 ,

109 1524 174 1591 snus
195 1531 459 1611 voluptatumne,
481 1530 636 1617 eleganter
649 1536 680 1590 et
701 1548 771 1590 rere
793 1530 883 1591 multi
895 1533 1047 1612 disputant.
1084 1548 1086 1557 ·

51 1630 54 1634 ’
109 1622 168 1700 nen
190 1656 256 1719 esse
276 1636 452 1705 beneficium
480 1636 682 1714 separandum
703 1637 741 1695 ab
764 1636 872 1695 officio.
923 1637 989 1697 iden
1007 1655 1045 1697 re·

22 1810 30 1818 ,
92 1745 192 1820 ‘lique
214 1742 340 1802 eeclesia
361 1759 416 1821 pro
438 1759 492 1801 suu
512 1741 581 1819 jure
603 1746 718 1801 tanturn
746 1745 850 1819 potest
870 1744 1046 1820 papinianum
1084 1816 1086 1825 Ι

108 1850 303 1909 facultatibus
325 1847 499 1916 detrahere,
527 1852 562 1904 ut
582 1847 624 1923 pii
646 1844 784 1904 doctores
805 1846 955 1920 habeant,
976 1847 1046 1907 unde

107 1957 216 2028 sinant
258 1952 325 2010 Hoe
345 1953 423 2010 enim
452 1952 593 2010 omnibus
619 1949 713 2011 modis
733 1949 905 2011 cavendum
925 1956 988 2024 est,
1013 1968 1044 2011 ns

54 2055 66 2069 ”
106 2059 302 2121 ministerium
318 2075 443 2134 prorsus
464 2057 628 2115 abolentur.

65 2164 74 2192 ¹
189 2162 402 2243 Expludendus
429 2163 530 2236 itaque
563 2164 611 2220 est
640 2153 724 2218 error
755 2159 823 2231 ille,
853 2180 946 2236 quem
973 2160 1044 2241 impii

91 2258 279 2332 ¹canonistae
294 2266 549 2347 impudentissime
565 2269 713 2337 statuunt,
734 2284 802 2324 cnm
815 2251 918 2325 dicere
935 2268 1045 2336 audent,

58 2382 62 2388 '
106 2397 167 2437 non
194 2395 261 2435 esse
286 2370 552 2453 praesumendum,
585 2370 665 2447 quod
696 2389 770 2449 apex
799 2375 905 2431 tantae
933 2372 1044 2431 celsita-

106 2483 184 2541 dinis
205 2484 295 2541 erret.
338 2478 404 2537 Hoc
431 2480 477 2535 est
505 2475 590 2551 qussi
618 2476 746 2553 primum
767 2477 952 2556 principium
971 2475 1043 2536 stuti-

107 2588 213 2647 dorum
241 2585 477 2651 canonistarum,
511 2598 624 2657 exque
651 2582 708 2640 huc
736 2585 904 2640 monstrum
934 2587 1044 2641 enatum

105 2698 166 2764 est,
201 2692 281 2768 quod
312 2706 391 2746 nune
420 2688 449 2744 in
481 2691 595 2764 papatu
623 2684 757 2746 videmus
789 2690 832 2744 et·
853 2704 1044 2755 exsecramur.

105 2795 184 2875 quod
198 2775 262 2855 sine
276 2794 382 2860 fronte,
404 2790 548 2866 quidquid
560 2792 591 2849 in
612 2795 740 2849 mentem
751 2792 843 2863 venit,
865 2798 896 2853 et
919 2794 1043 2854 adnnn·

103 2921 168 2961 mos
194 2897 344 2978 parandos
367 2895 505 2953 idoneum
532 2897 606 2965 tuit,
636 2898 778 2971 tanquam
807 2898 954 2958 articulos
980 2897 1041 2956 fidei

31 3010 34 3021 '
104 3007 285 3066 statuerunt.
335 3001 393 3059 Nus
423 3009 523 3059 nutem
552 3002 596 3060 sic
626 2999 766 3059 dicimus:
815 2990 950 3061 V'ucetur
978 3019 1042 3061 sane

104 3102 179 3190 spe'x
201 3106 384 3166 celsitudinis
399 3107 456 3165 ista
477 3105 621 3181 tyrannis,
641 3092 852 3180 quemeuntra
868 3108 1041 3186 scripturam

102 3217 134 3273 et
152 3229 269 3270 omnem
290 3211 470 3285 aequitatem
487 3211 689 3288 sibinsnrpat,
712 3214 743 3269 et
760 3215 795 3267 ut
815 3208 887 3287 ptus
909 3213 1041 3279 tribnssn,

58 3364 60 3369 .
101 3315 247 3395 fingamus
269 3333 335 3372 enm
355 3318 444 3375 etiam
466 3315 764 3374 ‹livinanrdinatione
778 3333 851 3390 esse
867 3314 1039 3392 pontificem,

101 3426 133 3481 st
163 3422 296 3479 obtinere
317 3421 479 3497 primatum
512 3422 543 3479 in
575 3418 710 3481 ecelesia.
752 3415 861 3480 Adhuc
892 3419 964 3500 ptus
991 3417 1038 3482 tri·

104 3545 305 3559 ..i--m

126 3690 128 3695 ,
170 3626 221 3698 tt)
241 3626 292 3681 tna
313 3626 467 3684 ecelesiae.
