2190 4064
121 214 189 275 ²⁰8
442 213 746 309 Praelaetioaas

119 368 297 439 sanctorum,
317 365 435 437 Jacobl,
456 366 555 441 Petri,
584 384 795 444 nonnunquam
817 368 909 428 etiarn
936 369 1052 431 sano·

118 471 151 527 et
178 468 358 547 magicarum
386 467 508 539 artium,
542 468 613 543 qaia
638 467 727 539 baec,
754 486 823 527 cum
851 466 937 528 Deua
964 473 1044 532 ιιιιιι

118 566 256 625 auxilium
278 565 396 626 dillerre
411 566 512 639 soleat,
534 568 720 647 praesentias
729 566 846 645 jurant.
884 552 951 627 'Sed
964 556 1044 629 cartu

117 664 200 725 Deua
228 666 293 724 ideo
322 665 397 724 solet
424 664 542 732 dilierre
571 667 726 737 auxilium,
753 671 873 727 almos
901 669 1002 747 probet
1021 669 1066 728 ι’

117 769 261 837 exerceat,
283 769 372 840 atque
394 766 436 823 sic
457 765 585 824 deducat
606 784 660 825 nos
679 766 807 845 primum
821 768 853 825 in
870 770 1043 847 cognitione·

117 866 225 937 nostri,
249 869 282 923 ut
304 883 497 943 agnoscamus
517 866 694 945 pravitatem
716 864 814 925 cordia
835 869 948 939 nostri,
973 886 1043 945 quaa

116 965 203 1026 lacile
231 966 379 1045 patiamur
405 983 459 1023 noa
488 964 597 1024 abduci
625 983 644 1023 a
671 982 740 1025 vero
769 964 852 1039 Deo,
892 967 1043 1032 dotalem

117 1066 247 1125 deducat
269 1066 300 1124 in
328 1064 524 1144 cognitionem
551 1065 612 1136 aui,
648 1070 683 1124 ut
711 1063 876 1141 discamus,
917 1066 1042 1147 quomo&

116 1164 187 1225 velit
207 1185 260 1225 noa
278 1165 398 1242 jurare,
433 1165 501 1226 item
527 1163 671 1242 quomodo
692 1167 801 1245 possit,
832 1165 925 1247 longe
943 1166 1043 1228 meliora
1065 1245 1068 1252 Ι

116 1270 148 1327 et
167 1265 298 1324 faciliore
318 1263 405 1324 modo
423 1265 522 1335 aeria,
545 1282 633 1342 quam
650 1284 780 1343 unquam
790 1267 1044 1346 cogitaremus

115 1366 191 1427 ratio
211 1369 318 1446 potuit

114 1468 161 1526 lll.
176 1468 369 1527 Miserere
389 1464 517 1525 nostri
538 1463 1043 1547 dominemlaerarelnoatrl.

135 1572 227 1646 qaia
253 1567 413 1626 multum
435 1565 584 1644 repleti
615 1584 745 1625 sunaus
766 1565 1040 1647 despectione,

196 1667 280 1728 Haec
310 1670 357 1725 est
384 1664 490 1745 psalmi
519 1666 696 1746 propositio,
734 1669 765 1725 et
783 1684 877 1725 caasa
903 1684 959 1727 aar
983 1668 1042 1740 aad,

114 1786 220 1848 nempe
241 1770 407 1825 contemtus
427 1766 577 1825 bantinum
600 1766 796 1845 superborum
818 1769 849 1825 et
876 1782 1042 1838 amram

113 1886 202 1947 quern
224 1886 277 1927 noa
297 1866 384 1925 bodie
404 1884 521 1943 quoqne
542 1864 663 1924 nimium
684 1861 842 1938 sentimus,
871 1883 931 1929 nee
955 1884 1043 1948 peasa·

113 1983 360 2045 manoperam,
388 1965 443 2025 nial
463 1965 633 2042 hujusmodi
660 1964 800 2045 exemplis
828 1969 860 2025 et
882 1966 1042 2028 consolatis·

114 2066 201 2124 nibus
234 2082 442 2123 revocaremur
476 2064 514 2122 ad
541 2065 725 2143 patientiam.
766 2064 832 2125 Noa
859 2072 961 2127 autam
987 2082 1043 2129 en·

69 2210 72 2218 ,
101 2164 265 2241 ,ηιιοιιιιιιιι
284 2167 401 2221 tantam
421 2162 459 2222 de
480 2168 580 2223 nostro
601 2163 688 2234 malo,
708 2165 804 2243 majas
824 2164 884 2226 boc
899 2172 960 2240 aab,
975 2162 1043 2245 qual

86 2269 90 2277 '
112 2263 225 2323 animos
246 2264 360 2343 piorum
383 2268 514 2334 exercet,
536 2262 616 2339 qaod
636 2264 751 2324 scilicet
770 2264 906 2326 videmus
927 2267 977 2327 illo
986 2283 1043 2327 con

112 2368 209 2425 temtu
228 2365 311 2454 verbi
332 2369 362 2424 et
383 2365 580 2424 ministrorum
602 2363 745 2443 paulatim
765 2365 900 2425 suturam
921 2364 993 2439 asae‘,
1015 2367 1043 2426 ul

112 2482 198 2525 nemo
220 2464 409 2527 ecclesiarum
438 2464 737 2524 administrandarum
764 2483 872 2525 munus
900 2469 1044 2547 suaceptu

111 2584 165 2625 rua
188 2567 236 2624 cit.
278 2563 353 2628 uois
375 2566 451 2623 enim
473 2565 643 2625 adolescens
668 2564 784 2644 ingenio
801 2547 1043 2652 praeditasaiud

113 2669 240 2725 aetatem
262 2667 293 2723 et
313 2664 508 2723 substantiam
529 2665 595 2725 ideo
615 2664 705 2725 vellet
724 2663 859 2743 perdere,
879 2671 921 2726 ιιι·
935 2664 1042 2727 eml-

111 2782 168 2847 pro
189 2764 290 2824 laboro
312 2767 342 2822 et
362 2764 411 2842 pio
433 2765 530 2823 studio
552 2764 625 2825 nihil
646 2782 733 2842 qnam
755 2763 855 2823 odiam
877 2768 909 2825 et
926 2770 1043 2843 conten·

112 2870 175 2925 tum
203 2863 357 2945 reportati
387 2846 439 2922 Sic
465 2865 515 2939 qui
538 2863 601 2941 jam
621 2864 651 2922 in
680 2863 842 2923 ministerio
870 2868 958 2939 suat,
984 2880 1042 2932 ιιι

112 2964 215 3023 rident
234 2969 266 3023 et
286 2963 437 3041 dignitatis
465 2967 495 3022 et
515 2961 591 3021 lucri
619 2964 688 3043 plue
709 2982 776 3023 eaeo
794 2964 826 3023 in
846 2963 913 3025 alils
940 2963 1043 3047 proles·

111 3063 259 3133 sionibus,
287 3067 437 3122 contemtu
456 3061 568 3121 boe-eo
588 3063 764 3142 adiguntur,
792 3068 828 3122 ιιι
854 3066 987 3145 cogitant
1010 3061 1043 3123 l·
1067 3059 1076 3112 Γ

112 3160 277 3221 abdicanda
310 3180 384 3221 cura
418 3160 608 3221 ecclesiarum
642 3167 674 3221 et
706 3164 824 3241 privata
849 3165 928 3236 sita,
955 3145 1043 3224 rainu
1085 3143 1087 3222 Ῐ

111 3259 235 3321 molceio
269 3264 299 3319 et
319 3262 541 3337 quaestuosioro
569 3261 766 3340 acaccipienda
807 3264 860 3323 Sic
879 3268 1043 3327 contemtus
1085 3265 1087 3274 '

112 3364 169 3423 late
205 3359 343 3419 ecclesias
377 3359 622 3439 gubernatoribus
659 3362 797 3440 privabit.
841 3360 923 3427 Quid
951 3368 1045 3425 auten
1085 3353 1087 3362 ¹

112 3462 182 3524 inde
203 3464 372 3520 secuturam
396 3461 448 3530 sit,
477 3462 502 3519 ai
523 3460 713 3518 ministerium
741 3470 825 3533 nnat,
856 3462 953 3524 facilia
982 3481 1045 3530 oar·

110 3565 229 3643 jactura
250 3565 311 3629 est,
339 3575 444 3638 nempe
460 3557 538 3635 qnod
559 3558 646 3617 simul
666 3580 787 3619 necesse
808 3565 854 3623 est
875 3581 967 3625 ruere
987 3562 1045 3645 glo·

113 3666 189 3725 riam
208 3667 238 3721 et
259 3676 381 3739 regnum
402 3657 456 3719 liei
477 3664 508 3720 et
529 3656 653 3719 salutem
674 3660 830 3721 bominum.

226 3955 353 4002 a.
488 3917 672 4002 Ρ,
