2190 4064
999 30 1051 37 .—

379 62 742 191 rs'armrexxxur..
780 84 805 113 ²
936 58 1028 171 aaa

76 258 160 336 qued
194 259 351 337 proverbia
395 257 521 319 dieitur:
578 256 674 318 Dulce
712 238 827 317 beilum
854 253 1048 338 iuexpartis.¹

75 366 209 438 lurenes
230 363 316 432 euim,
340 363 390 438 qui
410 363 508 423 adhuc
525 361 817 442 juvenilisauguine
837 362 962 436 serrem,
981 367 1026 423 ui-

74 469 119 529 hil
140 468 262 529 ducunt·
279 466 438 546 pulchrius
459 467 554 547 gloria
582 446 652 529 belli
680 472 711 527 et
731 468 869 539 victuris,
899 486 959 544 qua
979 469 1025 526 irr-

76 574 253 633 clarescaut.
302 571 343 631 lli
368 573 505 632 ceruales
540 579 638 633 metus
667 573 754 633 facile
780 578 887 653 postea
915 574 1024 647 exstin-

75 683 227 760 guuntur,
257 697 325 738 cum
348 681 542 758 experiuntur
563 678 640 739 tales
666 696 750 738 suam
774 683 804 738 et
826 698 953 739 eaerum
974 700 1022 740 ca·

75 789 251 847 lumitatem.
279 786 341 847 Sed
360 791 430 846 ante
452 785 637 846 calamitates
658 785 813 846 commoda
833 784 916 866 pacis
938 774 1022 866 lgne-

73 898 181 952 rantur
203 910 222 951 a
242 889 353 951 munde
367 886 419 968 ⁸),
460 898 490 950 et
521 910 592 950 rere
615 890 726 951 bellum
749 893 910 974 inerpertis
923 891 1023 951 -dulce

73 1005 137 1072 est,
166 999 243 1059 sicut
265 996 408 1058 historiae
429 994 608 1067 ostendunt,
634 998 797 1076 inquibus
825 1018 916 1079 saepe
942 997 1022 1059 serli-

72 1108 150 1165 tiosa
170 1104 288 1182 ingenia
310 1107 454 1164 accusarit
473 1120 594 1183 pacem,
615 1104 694 1181 quod
716 1107 745 1164 in
765 1108 825 1166 otte
845 1106 908 1166 fere
928 1105 1020 1165 homi·

70 1231 125 1271 ues
147 1212 281 1271 stertunt
309 1212 339 1269 et
360 1209 458 1288 ignari
479 1207 567 1282 fiant,
599 1214 710 1290 uptaut'
728 1212 837 1273 bellum
850 1232 915 1273 cau
936 1231 1020 1291 sege-

69 1323 131 1378 tem
153 1316 265 1396 gloriae
287 1318 317 1374 'et
338 1315 522 1375 occasionem
532 1317 742 1395 ,ostentandae
762 1319 891 1379 virtutis.
955 1362 958 1367 -

153 1421 213 1482 llic
233 1421 360 1481 affectus
381 1422 475 1480 nobis·
499 1439 555 1501 per
570 1426 727 1500 peccatum
750 1423 858 1484 insitus
887 1426 957 1496 cst,¹
983 1429 1020 1484 ut

70 1528 185 1598 diiina,
225 1526 397 1587 necessaria
430 1530 461 1586 et
495 1510 608 1605 optima
647 1527 724 1588 dana
751 1528 809 1590 Dei
842 1528 1019 1608 simpliciter

68 1633 256 1693 fastidiamus
277 1651 313 1692 ac
333 1632 496 1711 fugiemus,
515 1636 549 1691 et
570 1648 788 1713 persequamur
806 1633 895 1693 ultre·
908 1633 1017 1693 diaboli

68 1739 180 1798 damna
196 1742 232 1798 et
250 1736 453 1808 calamitates,
484 1736 759 1799 siuettiermanico
787 1740 944 1819 proverbio
961 1739 1017 1797 uii-

66 1846 158 1917 citur,
178 1840 286 1902 luctari
301 1861 398 1920 ,saepe
418 1836 573 1913 homines,
586 1849 620 1903 ut
641 1845 698 1904 sihi
719 1843 1017 1916 concilientmalum,

66 1955 99 2010 et
121 1951 152 2007 iu
167 1949 351 2007 Proverbiis:
393 1944 670 2019 „Malum-malum·
684 1949 756 2009 dicit
778 1950 871 2011 omnia
893 1954 1015 2009 emmer

65 2057 143 2115 Nam
163 2057 355 2134 eptimasres
376 2052 532 2112 fastidiunt
544 2054 634 2114 animi
654 2060 779 2135 propter
788 2057 906 2134 copiam
925 2074 1014 2134 prae·

65 2167 192 2222 sentem.
241 2160 347 2234 ltaque
378 2158 435 2217 etsi
464 2175 533 2237 pax.
548 2177 619 2235 rere
655 2161 695 2219 sit
723 2162 1014 2241 praestantissimum

64 2267 197 2326 omnium
217 2267 378 2336 benorum,
407 2267 507 2322 tamea
529 2269 637 2322 natura
657 2265 702 2324 sic
723 2269 958 2344 corruptarum,
980 2269 1015 2325 ut

64 2389 158 2450 saepe
196 2369 307 2429 bellum
324 2368 432 2429 ‘malit
482 2370 568 2427 Sicut
589 2371 702 2443 autem
744 2356 881 2437 muudus&
908 2372 1016 2450 pacem

63 2494 126 2535 uon
155 2479 255 2555 petest
285 2474 380 2545 serre,
421 2474 465 2533 ita
499 2472 751 2547 uersum-'multo
786 2476 885 2534 miuus
904 2479 1014 2553 petest

63 2580 145 2639 lerre
173 2579 294 2639 bellum.
336 2578 472 2657 lupara
501 2579 645 2654 queritur.
660 2579 697 2638 da
718 2581 853 2660 ignavia,
876 2580 912 2638 iu
925 2580 1012 2639 ·bello

63 2688 173 2745 iterum
205 2703 317 2764 pacem·
342 2685 462 2763 expetit.
513 2683 614 2749 (tuadi¹
631 2685 732 2764 Yigitur
762 2691 869 2746 recaut
907 2690 1012 2765 gauter

63 2808 170 2870 pacem
193 2807 353 2860 auram.
382 2788 463 2864 qued
489 2787 630 2860 dicuut,·.·
646 2790 807 2849 concordia
832 2792 941 2868 parvas
961 2808 1012 2850 res

45 2904 216 2967 ¹crescere,
245 2893 395 2955 incertia
415 2894 503 2953 etiarn
524 2896 664 2955 maximas
685 2880 794 2967 dilabi,
814 2895 1011 2980 'hecilipsum

57 3002 123 3061 -etri
144 3000 325 3079 experientia
345 2997 530 3070 didicerunt,
561 3007 661 3059 tamen
683 3019 741 3060 aen
762 3000 889 3060 credunt
908 3016 1011 3058 verum

63 3124 148 3176 esse,
179 3106 437 3182 cousequantur,
470 3104 580 3183 alioqui
601 3125 662 3164 uun
680 3108 862 3183 quaererent
882 3104 1010 3165 occasio-
1036 3092 1040 3101 ’

62 3229 118 3270 aes
147 3208 292 3268 bellorum
321 3213 351 3271 et
378 3206 716 3290 turbandaerpacisl).
766 3209 848 3275 auid
876 3209 1010 3291 tacerent

61 3316 94 3373 in
116 3312 337 3393 spiritualibus,
371 3334 448 3394 quae
472 3314 567 3396 plane
581 3334 643 3376 neu
668 3314 858 3394 iutelliguutr
871 3331 953 3375 cam.
968 3313 1009 3372 vi-

61 3460 274 3479 m

134 3539 168 3607 8)
189 3530 307 3594 Maurius
325 3554 424 3609 pacem
444 3512 615 3609 ueuputert
633 3536 719 3591 terre.
767 3534 801 3606 4)
822 3500 926 3596 Nature
945 3549 1010 3604 pec·

63 3639 130 3688 cato
151 3643 281 3707 corrupta
301 3643 398 3690 contre
419 3649 499 3706 quem
518 3630 647 3702 judicet,
667 3630 746 3687 lucit.
835 3644 840 3651 ’
