2204 4058
107 100 172 207 iu
475 138 693 203 Ensssstis
737 162 742 169 ·

106 291 343 370 disputstloses,
371 309 449 372 [sors
472 292 583 353 locent
603 293 772 355 Christum:
806 312 878 357 cuns
904 301 1007 363 sulem
1030 301 1061 359 in

107 410 247 474 annum
266 393 343 475 legis
363 397 615 477 progrediuntur,
634 400 681 459 sic
695 399 870 479 disputent,
891 404 981 479 qussi
999 405 1063 465 unl-

107 496 157 557 lus
176 515 304 587 mouens
324 504 406 561 esset
428 501 584 594 comeus,
616 505 669 581 qni
696 505 895 577 instituisset,
927 507 988 567 imo
1012 508 1062 584 qni

77 682 87 693 ,
108 620 165 663 suo
192 606 338 684 sunguine
367 607 572 666 resmissionem
591 617 786 687 peccstorum
806 612 944 670 emisset.
984 610 1063 673 liem

109 725 165 768 nos
193 726 312 785 quoque
340 710 524 789 experimur,
559 730 629 772 cum
649 714 681 773 in
700 713 809 793 legslie
835 719 875 777 ss
885 714 1063 781 traditiones

109 812 278 874 incidimus.
333 814 416 893 Ergo
444 815 476 873 in
506 815 558 877 illo
584 817 727 897 pnrsliso
753 836 809 878 seu
837 818 926 879 coelo
953 821 1064 898 grstise

42 962 50 973 ,
110 917 333 979 consistensium
353 924 416 991 est,
443 924 475 981 et
494 939 644 998 nusqnnm
662 922 919 1001 progrediendum
938 922 1019 994 nlio,·
1031 924 1065 981 ut

110 1041 283 1083 moneamus
314 1024 346 1082 in
373 1025 432 1087 nse
462 1026 591 1106 simplici
624 1025 807 1087 confessione
838 1045 911 1087 cum
938 1004 1063 1090 lisside:

111 1127 221 1208 „spuo
240 1131 272 1188 te
291 1130 463 1210 propitiatio
484 1136 560 1192 est“

194 1231 258 1293 seu
277 1252 333 1293 cur
353 1234 453 1294 sdslit:
480 1240 535 1307 „ut
554 1234 739 1307 timesrisl&
753 1253 824 1295 nsm
844 1235 890 1295 sic
912 1234 1063 1297 reslienls

21 1324 26 1341 '
112 1341 160 1398 est
181 1335 278 1398 nitere
296 1355 370 1419 pers
389 1339 481 1418 liujus
501 1339 650 1401 sensiculi.
692 1339 845 1411 Nimirum,
868 1345 909 1401 ut
930 1340 1063 1401 ostendet

112 1443 213 1514 nobis,
241 1447 347 1504 contre
367 1462 442 1522 quos
462 1450 594 1524 pugnet,
621 1448 654 1505 et
672 1448 708 1505 nt
727 1446 823 1524 cingis
845 1443 985 1506 illustret
1003 1463 1063 1505 sen-

111 1548 254 1620 tentium,
289 1547 394 1608 sslditn
419 1550 575 1620 nntitliesi,
611 1550 697 1626 qussi
726 1550 822 1610 dicet:
871 1544 1063 1630 Experimtie

77 1700 81 1707 .
113 1650 220 1724 siislici,
254 1671 310 1713 cus·
336 1652 420 1733 spusl
446 1658 478 1714 te
502 1655 545 1714 sit
570 1655 759 1735 propitiatio,
790 1657 823 1714 et
842 1672 903 1725 cnr
935 1659 973 1715 tn
991 1654 1062 1714 huns

105 1756 236 1817 'titulum
249 1759 304 1818 tibi
318 1757 466 1830 vendices,
489 1759 570 1836 quosl
590 1760 633 1819 sis
654 1759 823 1821 misericors
845 1761 879 1818 et
900 1759 1062 1839 ignoscens·

26 1855 34 1886 ¹
114 1860 196 1926 Quis
221 1863 298 1922 enim
326 1865 424 1953 omnin
452 1862 567 1942 colligis
589 1865 621 1924 in
648 1865 812 1944 grstuitsm,
837 1863 1060 1933 miserstionu,

9 1996 14 2003 ·
115 1972 147 2027 et
174 1966 247 2026 nihii
274 1968 418 2043 relinquis
447 1970 562 2028 meritis
589 1973 621 2029 et
643 1969 785 2047 operibns
812 1966 972 2041 humenis,
1002 1967 1059 2028 ileo

114 2071 237 2131 timeris.
291 2070 406 2136 Quodsi
424 2092 493 2133 ‘non
521 2078 622 2134 essent
648 2075 746 2134 omnin
775 2073 876 2152 posits
904 2074 940 2132 in
959 2072 1060 2133 miseri·

114 2175 219 2235 cordio
250 2179 317 2247 tus,
349 2181 385 2238 et
411 2195 465 2238 nos
492 2180 603 2240 uostris
631 2180 744 2239 sinibus
763 2194 927 2257 possemus
947 2180 1058 2257 peccate

114 2278 237 2351 tollere,
269 2297 355 2340 nemo
375 2282 494 2342 timeret
514 2285 563 2354 te,
599 2280 655 2343 ssd
674 2286 757 2343 totus
784 2281 920 2342 mundus
941 2281 1058 2361 superbe

44 2376 47 2383 ’
115 2380 452 2471 te-coutemneretn).
493 2384 562 2447 Hoc
583 2387 661 2447 enim
684 2384 858 2463 quotidiano
886 2385 1059 2467 aucmentis

115 2492 262 2561 testetur,
294 2488 375 2565 quosl
394 2491 566 2568 ubicunque
592 2492 668 2552 haec
696 2490 825 2569 cognitio
846 2481 1060 2553 miscricorlisc

115 2593 173 2659 Dei
201 2612 261 2655 non
290 2599 353 2666 est,
384 2595 426 2653 ibi
452 2594 585 2654 homines
613 2594 767 2655 nmbulnnt
785 2595 825 2652 in·
845 2596 1061 2674 proesumtione

116 2689 239 2769 suornm
269 2699 452 2759 meritorum.
510 2699 629 2760 lntuese
664 2699 855 2771 monsclsum,
891 2701 1060 2779 proesentin

117 2808 219 2865 nutem
247 2805 431 2874 minoritsm,
465 2802 546 2881 quosl
577 2821 672 2882 genus
703 2804 741 2863 ob
774 2804 880 2862 istnm'
899 2804 1060 2884 sapertun

16 2968 25 2981 ,
84 2890 91 2897 ’
118 2926 237 2988 semper
256 2907 467 2983 mnnimolosli:
499 2909 525 2967 is
547 2907 617 2983 quio
637 2908 728 2967 habet
753 2905 893 2984 seguinus
917 2912 949 2968 et
968 2907 1060 2986 lesen,
1101 2888 1102 2962 i

117 3011 158 3072 nd
179 3032 267 3089 quem
288 3014 383 3083 visst,
411 3013 475 3072 sino
495 3014 573 3077 omni
600 3030 670 3072 seso
690 3011 748 3071 liei
768 3013 875 3072 timore
897 3020 962 3084 ost,
991 3008 1060 3071 etin

118 3136 234 3178 snmmn
254 3118 417 3178 securitate
437 3115 579 3176 nmbnlot.
625 3116 799 3177 Paucissimi
821 3120 910 3188 sunt,
951 3118 1002 3194 qui
1020 3131 1060 3175 ss·

118 3222 205 3280 niunt
235 3222 266 3279 in
295 3222 492 3301 cognitionem
521 3220 656 3301 poeonii,
689 3225 719 3280 et
746 3221 798 3297 qui
828 3219 1060 3299 desperetionem

118 3326 259 3385 sentiunt.
302 3325 376 3385 Nom
399 3327 450 3402 qui
471 3326 605 3391 sentiunt
625 3325 880 3404 desperationem,
912 3321 1060 3385 libentissi

118 3448 165 3488 sne
187 3428 361 3503 admittunt,
395 3429 475 3508 quosl
497 3428 579 3511 opud
599 3429 696 3488 Deum
725 3432 765 3489 sit
784 3429 969 3508 propitiatio.
1015 3424 1059 3486 lsti

125 3634 139 3649 ..
190 3588 244 3661 28)
264 3591 440 3664 llyoecsites
468 3609 523 3647 non
553 3593 653 3647 timent
680 3590 733 3647 sed
753 3596 953 3661 prscsnmnni,
980 3584 1058 3663 greti

119 3690 213 3746 sutem
230 3684 430 3757 justificemus,
449 3703 484 3743 oe
504 3700 712 3758 proesumsmns
732 3683 784 3740 sed
803 3683 963 3742 timesmus.
