2190 4064
57 234 138 307 ,188
243 222 273 239 ”
387 194 697 325 ,ᾓιιιίιιιῐιοιιιιι
816 292 819 307 ,

67 384 146 447 'nihil
165 386 264 465 magni
278 386 342 447 Deo
354 386 511 465 -praestari
531 386 679 448 immolato
693 389 784 461 bova,
803 407 870 449 eum
894 378 961 463 nori¹
978 410 1030 457 ao-

72 486 135 547 inm
154 488 257 547 bovem
279 487 423 561 creaverit
443 489 474 545 et
494 485 647 559 donaverit
667 487 765 559 Deus,
794 488 848 546 sod
878 476 1027 570 aimutiei-

72 588 120 647 ter
153 585 359 646 sitdominus
385 589 532 657 omnium,
564 587 646 645 nulla
678 607 712 647 re
732 588 883 666 indigens
914 589 1026 651 nedum

72 687 156 745 bore.
196 686 257 751 (tui
287 687 379 764 igitur
406 691 488 753 rorte
509 687 600 746 velint
627 687 809 759 sacrificare,
834 688 889 747 hos
911 686 1025 749 debera

18 822 23 831 ι
72 804 234 867 agnoscere
254 791 379 865 peccata
400 805 472 871 sua,
501 789 531 845 et
559 787 720 847 bonitatem
740 784 797 845 Dei
817 788 1024 865 promittentia

71 885 306 973 benedictionem
347 904 429 962 per
425 902 545 943 samon
586 886 789 957 benedictum,
818 894 852 945 et
880 905 937 965 pro
966 888 1054 949 hoc·

72 1003 160 1062 agere
198 989 266 1063 grat
267 986 327 1058 ias,
370 984 493 1043 laudaro
535 984 640 1056 Deum,
683 987 748 1063 ejus
790 988 895 1047 nomen
939 990 1025 1047 inro-

71 1102 141 1145 cara
169 1086 213 1142 et
252 1084 426 1162 praedicare
468 1088 524 1143 eto.
568 1086 618 1146 Sir
652 1085 730 1146 hano
763 1086 909 1145 haeresim
952 1105 1026 1169 opo-

69 1202 150 1243 rum
179 1203 213 1242 eo
254 1185 285 1241 in
326 1183 390 1242 loco
424 1183 521 1245 David
560 1186 691 1261 graviter
734 1203 767 1245 re
769 1182 862 1247 i.utat
919 1184 1024 1263 Hujus

68 1282 231 1363 pleraeque
252 1285 326 1343 aliae
347 1284 467 1343 [uerunt
488 1284 605 1343 similes.
648 1284 761 1360 Neque
773 1274 865 1351 enim.
887 1285 999 1346 sient
990 1306 1023 1353 ιιι

68 1383 219 1475 Hieremia
240 1402 357 1459 quoque
372 1384 499 1454 ridetur,
520 1385 575 1442 hoo
589 1383 682 1443 solum
692 1384 813 1457 accidit,
836 1356 879 1444 ut
885 1372 1023 1463 gentium
1074 1390 1077 1395 “

68 1476 141 1544 doda
160 1483 268 1543 dudaei
292 1484 439 1555 colorent,
461 1482 513 1543 sed
535 1483 639 1542 relicto
661 1483 771 1563 templo
795 1474 958 1551 currebarit
981 1486 1023 1545 ad

69 1602 106 1645 ea
125 1584 218 1655 lora,¹
233 1585 263 1640 in
285 1584 393 1661 quibus
420 1589 523 1662 patros
552 1583 619 1641 olim
642 1583 852 1654 sacrificarunt,
875 1602 952 1645 cunr
966 1586 1035 1643 do·¹

31 1656 165 1743 -ἰιιίιιιιι
185 1682 396 1751 sacrificiorum
418 1687 447 1742 et
471 1685 610 1743 orationis
637 1682 733 1743 locum
752 1679 951 1759 designasset
973 1689 1021 1745 ta-

67 1783 263 1843 bernaculum
286 1766 478 1842 coustitutum
501 1786 529 1840 in
545 1779 758 1843 Hierusalem(
794 1781 923 1846 Quidam
945 1783 1023 1843 deii·
1049 1846 1053 1855 ,

68 1883 179 1961 gebant
207 1883 262 1940 sibi
282 1883 404 1967 propmo
426 1883 546 1941 consilio
567 1882 648 1943 lucos
671 1889 701 1942 et
722 1880 826 1953 colles,
853 1882 885 1941 in
907 1883 1020 1960 quihus

67 1981 284 2059 sacrificabant.

80 2134 85 2143 ,
149 2079 233 2138 Haec
254 2082 350 2137 omnia
374 2080 443 2155 quia
473 2072 557 2139 erant
580 2070 876 2141 contrarolnntatem
891 2086 929 2145 et
949 2100 1020 2143 rer·

65 2180 136 2239 bum
161 2179 231 2250 Dei,
259 2198 365 2259 magno
387 2184 487 2238 autom
509 2181 607 2262 studio
636 2185 672 2240 ab
700 2181 864 2240 idolotatria
892 2180 1018 2255 fiebant,

66 2298 189 2340 necesse
210 2280 278 2351 suit,
301 2284 335 2339 nt
355 2281 397 2358 pii
419 2284 524 2339 contra
552 2256 707 2353 docerent,
734 2301 771 2339 ne
798 2281 931 2341 homines
960 2287 1018 2343 aut
1057 2302 1060 2306 ’

67 2380 122 2439 sibi
144 2379 308 2460 deligerent
336 2381 479 2440 rationem
501 2379 615 2439 colendi
637 2380 706 2452 Dei,
734 2384 787 2440 aut
814 2351 902 2438 aliam
923 2382 1018 2442 ratio-

66 2497 133 2538 nem
151 2480 287 2556 justitiae
314 2484 522 2565 sequerentur,
555 2500 643 2558 quam
661 2499 741 2557 quae
760 2497 824 2558 per
838 2482 1017 2577 sanguinem

65 2576 116 2637 tilii
145 2578 201 2636 Dei
222 2582 386 2639 obventura
417 2585 514 2652 osset,
548 2599 634 2656 quem
655 2581 785 2639 Joaunes
805 2579 872 2638 ideo
902 2599 1017 2658 agnum

65 2677 211 2757 appellat,
239 2677 318 2753 quod
345 2685 424 2739 esset
411 2681 568 2740 tiuturus
599 2680 695 2739 hostia
716 2679 928 2750 munimime,
951 2700 1016 2756 qua
1066 2718 1070 2723 -

64 2779 256 2857 expiarentur
275 2784 400 2856 peccata
420 2782 511 2839 totius
532 2778 642 2850 mundi.
685 2779 730 2839 ita
749 2779 883 2838 ridemus
905 2778 1015 2839 eadem

63 2895 182 2963 aemper
203 2877 295 2936 inisse
316 2881 478 2938 certamina
498 2878 538 2951 de
564 2878 668 2936 iisdem
693 2880 784 2938 rebus
805 2879 883 2950 inter
903 2877 1013 2939 frisam

64 2980 95 3034 et
114 2995 213 3035 veram
242 2978 410 3051 ecetesiam,
438 2968 540 3037 eadem
556 2994 686 3052 -quoque
712 2976 854 3056 pericula.
906 2975 1013 3042 Quare

63 3073 168 3133 iisdem
190 3078 328 3136 remediis
349 3078 432 3137 nobis
455 3093 571 3153 quoque
592 3076 736 3134 utendum
753 3082 806 3147 est,
827 3081 862 3135 ut
879 3078 1011 3154 primum

62 3187 240 3254 personam
261 3176 425 3236 doctrinam
438 3175 618 3235 vindicemus
639 3176 757 3234 Christo
778 3176 901 3254 gloriam
923 3195 1011 3238 auam

63 3279 94 3335 et
114 3273 245 3334 homines
265 3276 417 3339 hortemur
438 3276 479 3335 ad
494 3275 624 3334 studium
641 3278 732 3346 verbi,
754 3275 869 3346 deinde,
890 3281 926 3337 ut
940 3295 1010 3339 cum

62 3372 176 3435 Daride
197 3391 314 3459 oremus
335 3380 439 3434 eontra
459 3376 575 3454 linguas
607 3374 724 3434 dolosas
746 3381 776 3433 et
797 3374 875 3434 labia
896 3362 1008 3453 iniqua.

62 3473 130 3535 Jam
151 3474 271 3552 subjicit
290 3476 438 3555 propheta
458 3475 607 3553 querelam
629 3475 801 3554 precationi.
