2190 4064
361 317 364 323 ,
451 244 591 307 resins
612 244 660 305 m.
947 209 1018 339 1ἰι

80 409 300 469 conserventur.
342 398 457 465 Quodsi
488 417 548 476 qua
577 402 739 488 occurrunt
759 398 846 469 vitio,
872 417 908 459 en
927 400 1020 479 negli-
1056 454 1060 466 ,

77 507 178 587 gendo
206 508 276 564 sunt
305 504 421 583 potius,
451 517 539 577 quam
574 504 610 559 ut
636 501 672 559 iis
701 499 787 559 motis
814 499 938 579 publiea
962 519 1020 580 pax

77 608 280 686 perturbetur.

160 706 240 785 Ergo
262 721 359 781 neque
379 702 516 780 conjugia
537 718 632 776 neque
652 699 728 760 aliae
748 720 796 762 res
816 702 912 777 bouso
929 719 1021 785 prop·

78 814 126 867 ter
147 812 229 866 oerta
259 804 402 881 quaedam
437 802 508 859 vitia
529 806 598 860 sunt
626 801 823 875 damnandae,
839 802 906 881 'sed
926 802 1021 881 respi-

78 885 214 966 ciendum
257 910 303 964 est
332 904 371 963 ad
399 920 519 963 causam
553 900 678 961 finalem.
725 900 771 959 En
808 907 854 962 est
892 903 923 961 iu
952 921 1041 962 eon··

75 1007 159 1085 jugie
191 1006 358 1085 procreatio
393 1002 521 1072 sobolis,
554 993 585 1059 in
619 999 735 1080 politia'
757 1006 804 1061 est
838 1004 1021 1063 conservatio

78 1107 172 1185 pacis.
219 1103 332 1168 ltuodsi
355 1102 510 1181 inpolitis
541 1119 632 1161 causa
658 1101 789 1161 formalis
813 1102 914 1181 (leges
943 1102 1022 1163 scili-

80 1206 148 1281 eet)
176 1205 282 1263 vitiosa
302 1210 365 1274 est,
395 1204 421 1262 si
449 1205 496 1261 est
516 1203 622 1260 vitiosa
647 1218 738 1261 causa
767 1202 911 1276 efficiens,
947 1204 1024 1265 soili-

82 1309 131 1364 cet
154 1304 286 1379 tyrannis
317 1308 402 1379 (nam
430 1302 473 1361 sic
490 1300 552 1379 jam
573 1300 728 1394 appello),
749 1306 959 1385 pronuntietur
980 1325 1026 1365 se·

80 1386 212 1469 cundum
230 1405 375 1519 potiorem
406 1420 541 1472 eausam,
568 1419 692 1479 nempe,
721 1404 884 1463 seeundum
905 1424 1023 1465 eausam

80 1503 213 1575 tinalem,
235 1494 361 1564 ceterae
373 1502 571 1581 negligantur.
593 1501 673 1560 Sie
664 1521 695 1559 m
715 1502 867 1583 conjugio,
888 1506 912 1565 si
934 1525 1026 1567 eausa

80 1602 264 1674 efficiens,
256 1604 313 1681 rpsi
346 1603 503 1683 conjuges,
525 1600 604 1659 mala
634 1604 697 1671 est,
733 1603 759 1661 si
778 1606 903 1662 materia
923 1604 1027 1667 vitiosa

80 1707 144 1771 est,
175 1702 342 1762 tolerentur
360 1704 417 1763 bae
436 1703 560 1762 vitiosae
581 1718 704 1771 causae,
738 1704 773 1759 ut
801 1707 936 1781 serretur
956 1724 1025 1784 pro-

81 1806 201 1875 creatio,
215 1803 445 1882 puleherrimum
451 1802 508 1861 Dei
521 1819 596 1881 opus
606 1800 845 1880 etpleuissimum
858 1802 1026 1867 admiratio·

81 1904 136 1960 nis.
160 1902 221 1961 Sed
240 1904 421 1963 haoe'obiter
442 1888 574 1972 diximus,
589 1900 670 1989 nune
684 1899 774 1961 redeo
796 1901 835 1959 ad
848 1903 1025 1988 institutum.
1072 1977 1075 1985 Ι

164 2002 222 2062 Hic
254 1992 346 2083 igitur
377 2021 481 2063 versus
508 2001 629 2081 psalmi.
650 2019 704 2060 nos
728 2000 765 2060 de
797 2020 888 2062 causa
909 2011 1027 2085 peccati

82 2101 182 2173 docet,
211 2090 302 2179 quere
333 2104 425 2163 simus
456 2106 638 2182 peccatores.
680 2101 784 2160 Palam
812 2105 890 2161 euim
917 2107 1030 2169 latetur

79 2204 243 2281 propbeta,
265 2224 297 2264 se
319 2210 373 2263 sub
393 2204 534 2283 proprio,
556 2220 614 2260 nou
635 2205 792 2280 parentum
813 2207 929 2264 tautum
949 2210 1028 2283 vitio,
1079 2248 1082 2253 <

80 2304 219 2363 Vitiosum
246 2304 359 2376 fuisse,
401 2292 481 2362 dum'
498 2306 667 2381 gestaretur
702 2300 801 2361 adbuc
836 2288 956 2382 embryo
998 2312 1029 2372 in

82 2408 184 2474 utero,
216 2408 246 2462 et
266 2404 336 2462 dum
359 2403 457 2462 adhue
479 2403 671 2470 formaretur,
699 2401 743 2461 ita
773 2406 808 2461 ut
836 2410 932 2465 mater
960 2428 1029 2470 san·

82 2506 173 2583 guina
194 2523 250 2563 suo
278 2506 309 2563 in
339 2508 425 2563 utero
454 2502 551 2561 adbuc
568 2504 755 2580 peecatorem
777 2500 902 2577 aluerit,
947 2514 1030 2571 ante.

83 2624 172 2681 quam
202 2603 344 2663 edidisset
372 2608 501 2682 partum.
561 2600 642 2659 ldem
669 2601 855 2661 sentiendum
885 2615 932 2666 est
962 2611 1031 2671 sim.

83 2704 203 2789 pliciter
237 2704 277 2762 de
310 2703 462 2771 omnibus,
500 2701 550 2776 qui
579 2702 766 2771 nascuntur,
798 2707 827 2761 et
855 2706 917 2764 nati
950 2716 1030 2787 sunt,

82 2808 115 2864 et
134 2807 297 2863 noscentur
324 2802 354 2860 in
380 2802 461 2877 buno
498 2800 659 2870 mundum,
681 2805 802 2881 excepto
823 2822 882 2863 uno
900 2807 1029 2873 Christo,

84 2902 158 2963 Nam
189 2902 270 2979 quod
296 2902 426 2963 loannes
448 2906 478 2961 et
509 2899 558 2959 alii
579 2900 609 2958 in
639 2904 725 2971 utero
746 2890 923 2965 sanctificati
951 2916 1030 2987 suut,

85 3022 144 3062 nou
173 3007 273 3062 tamen
292 3002 349 3061 boe
370 3001 466 3073 tollit,
498 2999 579 3077 quod
598 3001 630 3060 iu
649 3002 782 3080 peccatis
802 3021 862 3063 non
878 3006 943 3069 sint
963 3030 1033 3073 con.

85 3105 173 3183 rapti,
193 3104 272 3163 siout
292 3105 380 3163 etiam
400 3104 432 3161 in
452 3100 564 3161 adultis
579 3098 771 3161 sanctificatis
780 3103 898 3182 Spiritu
906 3112 937 3169 et
960 3110 1032 3193 fide,

85 3222 155 3265 earo
176 3208 276 3263 tumen
295 3204 402 3262 vitiosa
422 3205 477 3261 est.
1034 3264 1038 3269 ,

168 3301 268 3380 Atque
289 3303 337 3362 bie
357 3302 440 3361 locus
461 3301 499 3361 de
527 3304 651 3379 peccato
679 3302 799 3381 originis
818 3322 897 3367 unus
918 3328 953 3369 ex
973 3260 1032 3373 illis

86 3403 296 3483 insignioribus
317 3402 389 3463 locis
411 3406 470 3475 est,
501 3418 576 3479 quos
596 3400 672 3460 ratio
693 3402 803 3475 nescit,
834 3404 967 3469 discitur
981 3430 1035 3473 au·

58 3534 62 3539 ·
87 3508 163 3575 tem,
185 3504 264 3563 sicut
284 3502 352 3575 alii,
380 3522 415 3563 ox
434 3502 501 3581 lege
521 3504 553 3559 et
572 3501 816 3579 promissionibus
837 3504 902 3567 Dei.
943 3506 1034 3574 Solu's

90 3606 189 3663 eutem
200 3602 312 3662 Paulus
332 3621 376 3664 ex·¹
388 3600 531 3685 apostolis
551 3604 606 3673 est,
627 3602 680 3678 qui
698 3600 778 3663 bunc
797 3602 894 3665 locum
914 3626 951 3669 ox
963 3612 1050 3689 pro'

91 3702 168 3763 lesco
190 3716 298 3783 napus
326 3703 471 3783 gravitate
499 3702 649 3765 tractarit.
690 3700 786 3765 Forte
812 3708 921 3771 nutem
934 3708 1012 3773 'ideo
1030 3730 1054 3773 ι
