2190 4064
255 238 259 253 '
376 287 380 291 .
434 162 585 297 ‘Psalmi
606 233 655 295 tl.
975 239 1017 301 57

45 384 147 459 ficana
174 398 366 476 peccatores,
391 391 441 466 qui
461 390 541 454 solus
562 409 581 448 a
601 388 863 467 peecatoliberas,
885 407 943 447 non
964 392 1017 448 im·
1058 360 1067 377 ’

45 497 198 578 putando
221 513 261 553 ea
280 495 326 564 iis,
348 491 399 568 qui
419 492 449 548 in
469 495 552 550 tuam
572 487 802 549 misericordiam
824 488 985 548 confidunt.

138 596 238 655 Hane
261 582 440 659 sententiam
448 589 561 649 Paulus
583 588 664 648 clare
685 588 815 647 ostendit
835 590 867 648 ιιι
887 590 932 660 iis,
940 606 1016 664 quae
1038 586 1042 597 '

49 700 199 779 proxime
219 693 314 772 hujus
334 691 577 751 loei'oitationem
592 686 788 789 ¹praecedent
831 689 933 754 Quare
948 706 1018 769 par-

53 798 155 859 tieula
191 799 267 866 ‚,ut“
302 810 361 851 non
394 793 441 850 eat
461 791 560 867 operis
594 790 704 860 nostri,
731 793 767 848 ιιι
785 792 927 870 importet
948 807 1018 849 cam

54 916 131 968 sam,
155 895 216 955 sed
250 886 299 952 est
324 895 441 951 tontum
470 893 590 947 nostrae
611 889 830 961 confossiones
845 888 926 966 quod
945 888 1021 948 haec
1053 958 1057 973 .

56 999 117 1057 duo
150 993 349 1062 confitemur,
383 994 483 1050 omnes
514 979 645 1048 homines
673 978 739 1049 esst
770 980 927 1059 mandaces
967 1005 1022 1049 seu

56 1101 262 1177 peccatores,
291 1096 326 1151 ιιι
353 1092 488 1159 constet«
514 1074 609 1146 solum
636 1088 734 1148 Deum
761 1108 827 1149 essa
855 1089 971 1168 justum
992 1092 1023 1149 et
1070 1081 1073 1087 ’

57 1184 235 1276 justificare
256 1194 395 1281 impium,
417 1191 467 1269 qui
489 1192 591 1247 estex
611 1187 669 1247 fide
689 1191 720 1247 in
736 1189 887 1249 christum
909 1186 1029 1249 iesum

63 1299 136 1356 Nam
173 1296 262 1353 haee
284 1295 434 1371 perpetua
463 1307 530 1347 cum
556 1290 699 1373 ¹superbis
721 1290 891 1368 justitiariis
920 1307 1023 1369 pugna

64 1406 117 1467 est,
141 1395 231 1473 quod
252 1413 311 1453 non
322 1392 425 1452 volunt
441 1409 506 1475 osso
521 1394 704 1468 peccatores,
726 1407 781 1450 neo
796 1390 1021 1470 possuntierra

66 1500 184 1574 siquis
225 1496 360 1574 ipsorum
392 1491 588 1570 pharisaicam
614 1492 770 1571 justitiam.
788 1490 916 1553 damnet.
946 1489 1024 1549 ·Hoc

66 1603 168 1673 autem
193 1594 269 1672 quid
297 1592 378 1652 aliud
398 1597 460 1663 est,
491 1588 579 1668 quam
601 1611 718 1670 negare,
739 1589 818 1666 quod
840 1588 920 1649 s'oius
940 1590 1040 1665 Deua

66 1700 104 1758 sit
122 1695 255 1776 justusi
242 1691 395 1751 iDavirl
424 1696 524 1751 autem
556 1691 678 1769 propria
698 1691 878 1767 experientia
900 1690 1024 1749 edoctus

67 1817 123 1857 ooo
143 1795 314 1875 justitiam,
344 1811 402 1852 non
424 1796 519 1850 sanctr
496 1793 613 1849 titatem
636 1789 784 1882 aliquam·
806 1794 858 1849 aut
887 1790 1025 1848 meritum

69 1917 157 1958 suum
179 1895 352 1975 praedicat,
382 1897 435 1954 sod
463 1893 643 1954 contrarium
672 1890 758 1951 dicits
802 1889 951 1959 Confiteor
976 1910 1024 1951 ma

69 2017 133 2057 esse
167 1998 375 2074 peecatorem,
407 2015 513 2073 neque
535 1984 617 2059 aliud
650 1996 702 2051 nat
703 2010 758 2050 ura
786 2011 852 2051 mea
883 1995 913 2050 et
946 1995 1024 2075 vires

70 2116 156 2156 meae
177 2112 290 2173 perse
310 2099 452 2173 possent,
485 2113 551 2154 eum
576 2092 652 2152 dono
675 2095 705 2150 et
725 2093 841 2171 Spiritu
862 2096 913 2151 tuo
935 2070 1026 2153 desti·

70 2204 154 2267 tuor,
190 2212 282 2270 quam
303 2198 338 2253 ut
365 2195 494 2273 pteram.
536 2194 603 2254 Hoc
624 2192 765 2252 confiteor
782 2193 823 2251 ¹do
844 2211 905 2266 me,
937 2197 968 2252 et
988 2193 1027 2252 de

10 2320 13 2367 ς
73 2303 137 2356 tota
171 2298 296 2364 natura,
324 2313 378 2354 seu
413 2295 449 2359 de
472 2296 605 2353 omnibus
626 2293 805 2366 hominibus,
836 2286 871 2351 ἰιι
890 2297 931 2363 ιιιΙ
946 2293 1027 2353 solus

75 2400 115 2458 sis
132 2398 253 2476 justus,
279 2399 313 2453 ut
332 2413 417 2455 nomo
439 2395 557 2454 aliam
545 2411 596 2472 Jus
596 2394 708 2463 titiam,
730 2411 824 2470 quam
839 2395 920 2477 tuam
941 2395 1027 2464 norit,

72 2501 220 2583 ,quaerat
229 2499 259 2554 et
279 2499 443 2574 comparet
453 2499 509 2555 etc.

161 2596 212 2655 Διι
233 2596 314 2654 hunc
333 2593 452 2653 modum
472 2594 562 2672 hujus
582 2610 687 2652 versus
716 2591 790 2653 haec
811 2598 893 2653 certa
913 2600 944 2654 et
963 2615 1030 2674 ger·

80 2714 170 2756 marra
191 2695 341 2754 sententia
361 2699 415 2767 eat,
437 2692 621 2770 quodltavid
640 2694 788 2753 intuens
779 2713 810 2751 ιιι
831 2699 861 2754 to
862 2699 924 2754 tam
944 2701 1031 2756 natu-

80 2802 145 2857 ram
167 2794 225 2854 sibi
246 2799 280 2852 et
299 2797 432 2876 omnibus
452 2794 625 2853 hominibus·
639 2788 791 2872 propriam
802 2795 949 2872 justitiam
968 2797 1030 2855 arii-¹

80 2885 150 2966 mit,
171 2899 203 2954 et
224 2893 354 2972 generali
386 2894 568 2959 confessione
595 2894 668 2968 nihil
690 2912 778 2969 quam
798 2901 955 2975 peecatum
976 2899 1032 2957 sibi
1086 2902 1089 2911 '

82 2996 195 3075 allegat
224 2997 254 3052 et
285 2993 439 3065 vendicat,
474 3000 509 3073 ιιι
529 2993 592 3054 Deo
618 2982 806 3071 relinquatrrr
836 2997 894 3055 iste
925 2999 1032 3073 titulus
1065 2992 1071 3003 “

25 3146 30 3155 .
84 3095 193 3174 plenus
216 3096 247 3150 et
266 3093 408 3171 integrm,-
429 3094 509 3170 quod
530 3096 570 3168 sit
603 3094 684 3153 solos
703 3095 814 3172 justus.
856 3088 1033 3177 Nonigitur

84 3193 214 3252 officitur
242 3210 277 3275 er
308 3192 364 3253 hae
385 3190 547 3263 sententia,
581 3193 660 3278 quod
693 3193 858 3272 blasphemi
887 3197 1033 3258 inferunt:

86 3295 119 3351 Si
140 3292 223 3373 Deus
256 3290 437 3371 justificatur
472 3312 506 3351 ex
531 3297 635 3352 nostro
667 3299 807 3371 peccato,
839 3315 908 3375 ergo
938 3301 1033 3378 magia
1088 3338 1094 3345 -

87 3393 294 3470 peccabimus,
316 3391 369 3450 sed
390 3392 446 3451 hoe
468 3394 611 3469 sequitur,
640 3392 728 3468 quod·
742 3397 824 3454 totus
843 3399 972 3457 mundus
995 3400 1038 3458 sit

89 3513 156 3554 reus
177 3494 304 3573 peccati,
324 3495 354 3550 et
375 3482 445 3567 qriia
466 3492 547 3552 solus
567 3492 650 3551 Deus
669 3493 770 3571 justus
793 3499 846 3568 est,
868 3515 927 3572 non
945 3514 1035 3574 posse

89 3594 229 3654 mundum
247 3613 266 3653 a
286 3601 409 3672 peceato
429 3592 550 3674 liberari
570 3578 639 3652 ollis
662 3594 723 3652 suis
746 3585 907 3666 conatibus,
930 3594 1037 3656 studiis

92 3700 144 3754 aut
165 3695 313 3774 operibus,
335 3692 472 3753 sedeam
494 3691 617 3771 gloriam
634 3693 770 3774 justitiae
793 3693 849 3756 soli
867 3693 933 3755 Boo
952 3693 1042 3757 retie-
