2190 4064
340 247 542 309 onerato:
564 245 680 307 Grad.
918 248 980 311 m

47 402 191 465 eclesiae.
233 400 353 473 Contra,
372 402 424 460 ubi
443 402 568 462 verbum
586 417 646 460 non
664 401 721 471 cst,
741 398 782 457 lbi
801 403 871 459 sont
892 400 979 462 aedes

47 503 204 581 niquitatis
226 505 256 559 et
276 503 413 561 Satanae.
455 500 583 559 Verbum
605 500 683 559 euim
703 500 980 562 conotttutteradt

47 604 151 673 edem,
173 619 232 661 non
253 600 287 659 tit
307 619 326 659 a
346 600 524 671 redemiret
544 598 698 680 pontifices
714 599 803 678 impie
817 598 979 678 disputant

78 744 82 749 -
121 700 212 767 Quod
247 704 346 758 eutem
375 700 484 777 repetit
519 698 624 770 „sodes
658 698 762 757 domus
790 699 903 758 [levid‘
917 697 981 774 ²⁰),

47 822 113 863 mec
134 818 227 860 causa
248 803 312 870 est,
335 798 413 873 quod
432 800 555 878 respicit
575 798 613 856 ed
633 800 855 877 promissionem
875 798 981 860 David

47 905 170 969 acum,
192 898 271 974 quod
299 899 385 957 sedes
415 897 599 957 tabernaculi
629 900 850 978 scutemplnm
880 918 898 958 o
923 900 981 958 lilio

47 1002 103 1079 jus
130 1001 163 1057 in
183 996 368 1056 Hierusalem
391 998 430 1056 sit
457 997 684 1068 aedificandum,
713 1001 765 1056 ubi
789 1000 981 1077 judicabitur,

47 1118 94 1159 noc
120 1101 183 1168 est,
206 1097 401 1155 conscientiae
423 1095 659 1168 consolabuntur,
681 1099 880 1169 terrebuntur,
899 1099 983 1157 insti·

47 1202 167 1261 nentur
187 1198 276 1254 verbo
297 1196 361 1254 Dei.
404 1195 487 1255 llaec
507 1201 590 1267 sunt,
618 1215 694 1273 quae
720 1202 877 1277 tantopere
897 1216 983 1277 prae·

47 1300 121 1359 licat
142 1295 248 1384 llerid.
292 1295 378 1359 Quod
399 1300 497 1354 autem
519 1297 550 1353 in
574 1286 685 1354 mnodo
713 1299 789 1356 tenti
815 1316 872 1356 non
898 1296 982 1367 liunt,

47 1397 91 1457 ed
115 1399 266 1455 contemta
281 1394 355 1453 baec
374 1399 460 1464 sunt,
481 1396 556 1454 ratio
578 1400 639 1466 est,
672 1397 742 1472 quie
763 1414 821 1455 non
841 1398 983 1456 habemns

47 1496 116 1557 eles
147 1494 269 1564 oculos,
298 1493 400 1569 quales
415 1494 523 1579 ‚habuit
550 1494 654 1553 David.
685 1494 802 1572 Alioqui
823 1496 920 1567 lieret,
935 1502 984 1555 ¹ut

47 1600 119 1657 ricut
142 1613 222 1655 nune
242 1593 344 1653 rustici
366 1597 502 1670 pastores
531 1611 601 1652 suos
628 1597 743 1652 tautum
773 1613 830 1653 non
857 1595 984 1673 pedibus

47 1694 234 1764 monnicam,
256 1693 297 1751 ita
318 1710 384 1751 cum
407 1709 520 1751 summe
540 1694 706 1752 reverentie
735 1712 785 1752 eos
815 1695 983 1753 adorarent

47 1794 87 1855 ln
111 1812 171 1853 non
192 1794 269 1851 enim
290 1792 496 1871 suspiciendus
518 1795 548 1850 et
568 1792 708 1851 colendus
734 1801 779 1852 est
799 1790 908 1866 irater,
929 1813 985 1872 per

47 1894 129 1973 :ojm
152 1910 185 1952 os
206 1891 286 1951 Deus
317 1893 370 1950 tibi
398 1880 545 1967 loquitur,
578 1896 608 1950 et
627 1895 659 1951 te
690 1898 775 1952 vocat
804 1894 843 1953 od
864 1899 986 1953 aeterno

47 1994 143 2055 sonet
166 1992 227 2051 Sed
247 1991 376 2050 homines
398 1992 471 2050 baec
501 2011 557 2049 non
580 1992 775 2063 considerant,
806 1995 899 2073 magis
934 1994 986 2052 od·

47 2096 189 2153 mirantur
228 2109 331 2151 numos
375 2096 405 2150 et
433 2090 618 2170 splendorem
645 2092 762 2159 mundi,
793 2112 881 2168 quem
913 2094 985 2152 istos

47 2193 142 2253 radios
172 2190 261 2248 divini
297 2191 413 2249 luminis
446 2195 475 2250 et
505 2191 720 2270 pulcherrimas
752 2192 869 2262 stellas,
907 2192 985 2251 sicut

47 2290 151 2352 Daniel
172 2288 311 2369 appellet
355 2290 414 2348 Nos
436 2294 533 2348 antem
556 2291 641 2348 decet
655 2290 811 2348 dissimiles
825 2310 987 2350 essemun-

47 2391 98 2462 de,
120 2397 153 2449 et
173 2408 334 2469 agnoscere
355 2409 422 2448 cum
443 2389 555 2448 Devide
576 2390 648 2447 baec
669 2389 759 2456 done,
780 2394 812 2448 et
833 2407 928 2460 orare,
951 2395 987 2448 ut

47 2490 126 2550 Deus
146 2490 247 2569 potius
267 2492 361 2566 peste,
382 2490 473 2559 ieme,
493 2488 590 2567 gladio
612 2506 665 2546 seu
686 2487 769 2546 bellis
793 2506 846 2546 nos
865 2487 987 2564 affliget,

47 2608 134 2666 qnam
156 2594 191 2648 ut
210 2590 289 2647 siuet
317 2591 346 2647 in
368 2589 455 2647 talem
477 2592 654 2647 contemtum
676 2588 756 2646 verbi
781 2591 810 2646 et
838 2586 988 2646 ministm-

47 2706 114 2775 rum
134 2687 201 2767 ejus
220 2706 274 2747 nos
295 2688 423 2764 prolabi,
454 2686 569 2762 qualem
590 2689 620 2745 in
641 2688 789 2766 praesenti
810 2687 919 2746 mundo
939 2706 987 2747 exv

47 2788 178 2867 perimor
199 2789 229 2844 et
251 2789 388 2863 petimur.

47 2886 90 2946 l'l.
119 2886 287 2964 Regale,
319 2904 415 2963 queo
447 2884 492 2944 ed
529 2902 659 2964 pecem
688 2890 779 2945 sunt
805 2885 988 2945 Hierusa-

173 2984 261 3054 lem,
284 2984 498 3056 abundent,
529 2986 652 3060 quite
673 2984 856 3065 diligunt.

125 3083 207 3143 Vidit
239 3083 334 3143 David
363 3086 490 3163 primum
516 3085 546 3141 ln
575 3086 682 3162 spiritu
710 3084 792 3145 illum
818 3084 988 3144 horribilem

47 3189 227 3246 contemtum
244 3177 328 3241 'vorbi
349 3201 403 3241 scu
423 3185 586 3255 ministerii,
608 3184 714 3243 deinde
734 3184 823 3244 etiem
840 3185 897 3244 hoe
906 3184 988 3255 vidit,

47 3284 169 3365 pluriam
190 3282 279 3360 hujus
307 3280 375 3339 doni
394 3300 453 3341 nou
472 3300 560 3362 posse
581 3284 748 3343 conservari
774 3284 902 3343 humone
931 3286 988 3343 vir·

47 3390 109 3445 tute
129 3388 183 3441 ent
204 3380 370 3460 diligentie,
393 3381 459 3453 ideo
481 3385 661 3443 convertitur
682 3384 720 3441 od
741 3382 908 3441 excitandos
924 3385 988 3442 'eoi-

47 3488 106 3544 nios
128 3481 168 3542 ad
189 3482 350 3541 orationem
370 3499 424 3560 pro
443 3485 662 3542 conservatione
682 3483 770 3558 hujus
793 3481 872 3549 doni,
902 3482 985 3554 quasi

47 3584 142 3651 licat:
170 3581 228 3641 Est
248 3580 366 3657 quidem
386 3581 435 3643 bic
456 3582 541 3642 sedes
563 3583 651 3642 divini
677 3581 798 3661 judicii,
827 3578 879 3638 sed
899 3598 987 3659 quom

118 3694 170 3767 Ἀθ)
192 3698 284 3750 Sedes
305 3693 406 3750 uario.
