2204 4058
361 228 401 289 ln
421 228 554 290 Psalm.
579 225 693 288 (irael.
949 227 1011 288 m

64 387 96 445 ct
115 381 242 443 molesta
259 380 336 442 haec
356 401 440 444 mora
460 385 520 455 est,
551 357 605 442 sesi
625 386 726 441 tamen
746 380 903 451 iaciemus,
931 377 1013 455 qued

63 483 153 565 probi
174 481 252 542 serii
272 486 302 542 et
322 482 434 560 probae
455 481 580 542 ancillae
600 480 713 553 solent,
740 483 776 539 ut
801 481 831 540 iu
860 480 917 539 hec
944 498 1013 539 cuu—

64 586 165 648 temtu
191 585 222 642 et
245 579 310 641 aliis
340 579 481 659 periculis
509 581 566 659 ipsi
586 598 640 642 nes
662 599 720 640 nen
746 578 928 639 vindicemus
957 597 1013 657 per

10 731 13 740 .
65 681 292 764 impatientiam,
314 678 367 738 sed
389 681 582 758 respiciamus
603 679 641 738 ael
663 680 820 751 deminum,
839 673 873 739 'et
894 698 1015 758 exspec-

13 817 17 826 ·
65 787 167 842 lenius
188 780 253 858 ejus
274 797 401 838 manum.
445 779 496 838 Sic
516 779 673 839 confitetur
701 783 823 838 sauctus
845 780 891 838 vir
917 777 1014 838 Deum

66 882 191 942 differre
212 880 367 951 auxilium,
398 884 427 938 et
453 880 628 958 protrahere
657 898 783 950 neuram,
808 898 863 938 nec
891 878 1015 938 definire

10 997 26 1042 ε.
65 981 188 1044 merium
210 984 262 1039 ant
281 983 413 1057 tempus,
435 997 493 1055 quo
511 980 617 1058 juvare
637 978 716 1050 velit,
738 979 789 1038 sed
812 981 909 1042 ancre
930 997 1015 1039 sane·

65 1075 116 1141 tas
145 1079 175 1139 in
196 1097 231 1139 eu
260 1098 364 1149 sensu,
393 1080 476 1155 quasi
499 1078 605 1139 medrus
627 1088 658 1138 et
677 1085 794 1157 tempus
816 1080 874 1137 sint
893 1079 1016 1153 infinita,

66 1184 105 1240 ut
132 1178 290 1237 videantur
318 1179 401 1254 quasi
429 1180 508 1237 inter
537 1177 651 1237 coelum
687 1182 717 1237 et
744 1182 856 1237 terram
884 1179 1017 1258 pendere

67 1278 169 1339 medii.
211 1276 295 1336 llaec
315 1279 417 1357 gravia
443 1284 514 1339 srrnt
542 1283 572 1337 et
592 1280 698 1336 mirum
719 1278 749 1335 in
771 1278 888 1337 medum
910 1296 1017 1356 aggra-

67 1382 143 1439 vant
163 1379 364 1437 tentationem.
407 1377 508 1442 Quare
529 1378 658 1464 tenenda
679 1376 838 1435 consolatio
851 1383 906 1448 est,
928 1397 1017 1454 queam

69 1477 224 1559 propheta
245 1478 293 1536 hic
313 1465 451 1548 ostendit,
472 1478 552 1554 qued
563 1478 676 1537 scilicet
685 1478 855 1537 tentationis
867 1479 924 1537 erit
935 1477 1021 1538 finis:

70 1577 127 1637 sed
157 1595 215 1635 nen
243 1573 404 1636 secundum
434 1583 566 1637 nestram
591 1575 803 1646 definitionem,
839 1595 877 1635 ne
904 1578 1018 1638 scilieet

70 1676 137 1738 [leo
158 1682 278 1756 tempus
307 1681 359 1735 aut
386 1675 505 1751 medum
534 1677 782 1756 praescribamus.
830 1674 913 1734 Deus
941 1677 1020 1736 euim

69 1778 156 1839 sicut
174 1777 206 1835 in
227 1782 335 1836 nutrire
355 1795 424 1847 sua,
453 1777 496 1835 sic
516 1777 605 1835 eliam
625 1776 656 1834 in
677 1774 761 1835 mode
783 1776 889 1855 agendi
911 1779 943 1835 et'
961 1776 1020 1835 vir·

30 1916 33 1921 -
71 1882 141 1937 tute
162 1871 217 1935 sua
238 1880 284 1935 est
312 1875 458 1948 infinitus,
486 1878 586 1953 itaque
606 1893 665 1933 uon
685 1876 799 1955 patitur
820 1893 839 1933 a
858 1878 942 1935 nubis
963 1877 1021 1936 eir·

71 1975 243 2037 cumscribi.
267 1975 446 2055 l’roponitur
460 1976 551 2053 igitur
564 1976 648 2035 nohis
663 1974 712 2034 lric
723 1976 886 2056 exemplum
907 1977 1023 2055 patien-

76 2077 149 2147 tiae,
163 2074 243 2151 quod
255 2076 453 2153 exspectanda
470 2079 507 2135 sit
519 2095 623 2136 manus
643 2075 750 2135 domini
770 2082 799 2136 et
811 2095 869 2135 nen
883 2077 1021 2137 dubitan-

75 2174 150 2235 dum
168 2174 209 2252 ile
229 2174 336 2234 auxilie
358 2175 454 2234 divine
476 2195 528 2235 seu
550 2193 640 2236 manu
659 2175 768 2235 (lumini
785 2181 867 2236 certo
882 2178 1020 2237 affrrlura.

75 2277 157 2335 (lum
176 2275 253 2334 enim
279 2276 374 2355 prima
402 2275 516 2350 syllaba
543 2295 597 2335 seu
623 2279 723 2355 potius
751 2278 865 2355 primus
893 2279 1021 2356 gemitus

75 2376 221 2435 erationis
242 2375 353 2452 incipit,
375 2377 479 2433 annuit
498 2376 580 2435 Deua
602 2380 631 2434 el
651 2376 813 2454 respondet
825 2377 924 2434 nubis:
945 2376 1021 2436 Fiat.

76 2476 146 2536 Non
165 2479 264 2534 tamen
286 2474 426 2532 debemus
447 2480 592 2546 statuere,
613 2476 680 2546 ubi,
704 2474 864 2550 quomode,
894 2473 1022 2550 quande,

78 2590 137 2655 per
171 2592 245 2650 quos
280 2574 319 2633 slt
352 2572 493 2645 daturus,
529 2594 605 2650 qnae
638 2576 776 2652 petimus.
824 2574 907 2632 llaec
944 2575 1022 2633 enim

76 2672 276 2750 relinquenda
311 2678 384 2733 sunt
415 2672 479 2733 lien
510 2678 546 2733 ut
580 2674 644 2753 ipse
679 2674 814 2733 deliniat:
853 2672 1024 2734 nobishoc

79 2773 230 2852 agendum
266 2780 329 2845 est,
370 2772 449 2851 qued
484 2775 577 2835 nostri
615 2774 701 2834 cilicii
743 2779 804 2845 est,
841 2778 877 2832 ut
909 2774 1025 2834 scilicet

79 2892 218 2944 aremus,
245 2877 277 2935 et
304 2874 381 2935 sieut
407 2892 513 2935 seruus
539 2874 731 2956 respiciamus
760 2871 944 2933 arimenum
972 2891 1025 2934 nu-

80 2973 138 3035 atri
160 2969 278 3033 domiui.

163 3068 213 3131 Ad
232 3067 311 3131 hune
339 3070 457 3133 madum
489 3070 576 3133 ducet
598 3090 652 3133 nes
671 3070 767 3132 Daniel
802 3088 856 3132 auo
885 3071 1027 3151 exemplu,

17 3180 20 3186 '
82 3176 115 3233 et
147 3178 263 3243 mouet,
295 3178 331 3231 ut
367 3174 455 3233 etlam
491 3177 710 3253 exspectemus,
745 3189 804 3232 nen
840 3173 1027 3233 remittamus

80 3270 219 3343 brachia,
242 3290 297 3333 nec
317 3276 484 3333 cremamus
505 3272 605 3334 ocules
626 3291 644 3332 a
665 3271 789 3344 domino,
810 3269 864 3332 secl
886 3277 919 3331 ut
938 3290 1028 3351 urge-

83 3389 186 3441 amus,
207 3373 364 3443 instemus,
384 3389 624 3452 perseveramus,
651 3373 729 3432 sicut
749 3371 886 3433 Christus
906 3390 1026 3449 quoque

83 3475 187 3532 manet
207 3471 398 3531 similitudine
424 3472 477 3533 illa
503 3472 694 3532 mulierculae
723 3482 754 3532 et
780 3471 882 3551 injusti
909 3470 1027 3550 judicis,

85 3572 139 3649 qui
160 3572 217 3631 etsi
237 3587 334 3648 neque
353 3569 448 3631 Deum
470 3590 526 3633 nec
545 3571 676 3632 hemines
697 3574 827 3644 timeret,
856 3576 954 3630 tamen
975 3568 1029 3630 ἰηι-

86 3672 184 3751 proba
210 3670 385 3733 assiduitate
412 3672 540 3735 rinmtrrr
566 3661 606 3733 nri
640 3670 872 3753 cognoscendam
900 3669 1031 3731 causam.
