2204 4058
14 319 18 329 ¹
123 248 184 312 176
436 216 744 309 l’raeleotiouss

121 418 212 478 quem
232 396 435 459 difficultatem
466 397 545 461 benc
563 400 680 479 mitigat
713 417 773 460 non
793 372 899 461 solum
906 401 1068 481 promissio

122 501 275 561 orantibus
295 499 388 569 lucta,
420 500 490 559 item
510 500 690 571 mandalum,
710 500 873 561 sedetiam
892 503 1068 576 necessitas,

122 618 200 677 quoe
234 617 288 658 nos
315 603 412 678 urget.
455 599 544 663 buon
562 603 663 659 eutem
689 600 728 659 ad
748 602 842 679 lpsam
862 618 928 660 rem
948 602 1082 675 attinet,-

122 698 216 761 or'atio
237 700 300 758 siue
320 698 379 757 lide
400 718 467 757 rere
488 703 535 759 est
557 696 754 778 impossibilis.
795 698 888 759 Haec'
905 702 985 761 enlm
1007 702 1068 763 duo

122 800 283 861 orationem
313 799 426 858 iaciunt
453 798 617 869 efficacem,
637 799 791 879 promissio
812 797 869 857 Dei
889 803 920 859 et
939 800 1068 863 tribulu-

77 924 82 931 ·
120 900 171 961 tio.
213 898 247 957 ln
278 898 325 958 bis
345 900 480 958 exercete
499 915 573 993 ros*
594 902 625 958 et
645 898 822 959 assuefacite
841 916 894 959 vos
914 900 1007 959 etiam
1027 900 1100 979 sd,

121 998 318 1059 clancularius
337 1014 444 1076 preces
463 998 495 1055 in
518 998 666 1075 cubiculo,
686 1000 770 1058 ,sicut
789 998 929 1059 Christus
948 1001 1068 1080 maeel·

119 1099 176 1180 pit.
217 1096 333 1163 Quodsl
354 1097 448 1155 Satan
477 1114 543 1155 eam
572 1100 752 1170 orationem,
773 1098 852 1159 siout
870 1098 955 1171 solet,
977 1088 1068 1161 cons·

119 1208 174 1259 tur
205 1190 362 1277 impedire,
384 1195 490 1255 discite
522 1180 623 1257 oculos
654 1197 807 1270 euadere,
830 1202 863 1259 st
882 1197 999 1259 dicere:
1039 1200 1066 1261 0

20 1371 23 1377 7
120 1298 254 1367 domine,
285 1314 354 1355 ecee
375 1295 424 1353 bic
444 1295 596 1364 trrlrulatio
616 1301 647 1355 et
666 1301 820 1376 angustio,
839 1308 894 1387 epo
915 1298 965 1359 bie
985 1300 1067 1381 perl-

120 1398 222 1468 elitor,
255 1394 306 1454 ille
326 1395 420 1454 irater
440 1413 522 1453 meus
544 1396 587 1455 sie
606 1396 807 1474 periclitatur,
827 1398 872 1457 sic
898 1402 1026 1471 vexatur
1047 1418 1068 1461 ι

120 1498 242 1567 Salona,
263 1513 321 1554 non
341 1495 457 1575 patitur
477 1498 613 1573 tempus,
634 1499 668 1553 ut
690 1494 727 1554 de
746 1514 794 1555 me
815 1496 949 1576 cupitam,
971 1508 1067 1561 simne

50 1609 55 1615 ’
118 1599 215 1657 bonus
235 1614 273 1655 an
294 1594 410 1673 diguus,
431 1594 540 1671 adjuva
560 1596 591 1654 in
611 1598 744 1673 tempore
757 1582 920 1669 secundum
939 1600 1068 1661 verbum

118 1701 204 1757 tuum
226 1700 282 1755 etc.
323 1693 391 1753 Hoc
409 1694 496 1753 modo
516 1694 703 1754 considerata
721 1712 814 1755 causa
828 1684 858 1755 et
866 1696 1067 1775 promissione

118 1798 247 1857 vincitur
265 1796 367 1863 Satan,
391 1786 423 1851 et'
442 1792 481 1851 ad
500 1792 578 1853 bauo
597 1795 740 1854 rationem
761 1793 865 1855 orandi
885 1794 995 1876 Invitat
1012 1816 1067 1859 nos

117 1890 1067 1973 Davideuoexemplo‚nonsoluminperiouloimffiaedootrinao,

118 1994 175 2055 scd
189 1997 219 2053 in
234 1992 368 2051 omuibus
379 1991 627 2051 tribulationibus.
648 1992 694 2052 Ae
712 1992 812 2072 placet
821 1992 895 2067 Deo,
914 1996 942 2055 si
960 1996 1014 2059 blo
1030 1996 1068 2057 u-

118 2090 444 2153 duciamisericordiae
466 2093 496 2165 et
515 2093 716 2169 promissionis
736 2094 812 2152 bene
833 2094 875 2154 sis
895 2094 1066 2175 impudens,

18 2226 21 2231 ·
118 2192 283 2255 secundum
303 2191 366 2261 bor„
388 2189 467 2267 quod
488 2191 635 2266 sequitur:
655 2190 715 2263 „Et
735 2192 800 2271 ipse
821 2190 972 2255 exaudivit
987 2200 1065 2269 me,“

9 2290 11 2295 ’
91 2288 217 2372 ,quasi
235 2291 330 2353 dicate
370 2288 438 2349 Hoc
470 2290 557 2349 modo
586 2288 719 2351 declarat
745 2290 828 2365 Deus
841 2346 845 2356 ,
858 2293 916 2354 sibi
943 2298 1065 2377 prntpm

118 2412 185 2455 esse
221 2393 383 2453 orationem
420 2393 559 2462 nostram,
585 2408 689 2467 *quem
728 2392 910 2471 suscipimus
950 2390 1065 2455 fiducie

115 2491 319 2575 promissionis
350 2494 381 2551 et
399 2488 728 2579 misericordieoejuss
746 2490 827 2567 quod
848 2510 913 2573 eum
933 2492 1064 2556 umus

198 2590 298 2666 Atque
318 2590 366 2649 bie
385 2589 461 2663 ride,
480 2594 517 2652 ut
535 2590 593 2651 boc
621 2608 735 2667 ,nonen
754 2589 811 2651 liei
839 2590 999 2671 diligenter
1020 2592 1065 2653 di·

116 2710 192 2762 sces,
214 2690 294 2766 quod
313 2687 411 2769 David
435 2690 485 2751 bie
506 2690 534 2751 el
553 2690 673 2750 tribuit:
712 2688 841 2752 Auditor
858 2688 1064 2771 procursu),

115 2810 153 2852 ac
173 2808 260 2861 care,
287 2808 339 2861 ne,
371 2770 455 2871 cum*
470 2784 553 2859 orss',
576 2786 640 2869 'per
661 2788 859 2850 diffidentiam
876 2790 934 2864 boc
954 2784 1065 2853 nomeu

115 2894 143 2951 ei
165 2892 290 2970 eripias,
313 2890 391 2949 sicut
410 2882 588 2967 plerumque
620 2888 752 2948 iacimus.
794 2890 868 2949 llam
888 2891 968 2950 sieut
989 2890 1065 2951 Ger-

113 2993 230 3050 manico
257 2968 412 3069 prouerbio
443 2986 567 3057 dicitur,
598 2985 685 3047 linem
713 2988 920 3050 commendare
953 2992 1063 3065 omnia,

114 3091 140 3151 sl
176 3090 271 3149 bonus
312 3090 365 3159 sit,
410 3088 453 3145 ita
483 3085 619 3164 plerique
645 3087 677 3145 in
703 3086 906 3147 concludenda
927 3091 1077 3152 orations*

112 3192 254 3269 peccaut,
288 3206 324 3247 ae
351 3186 513 3257 orationem
542 3184 676 3245 vitiosam
703 3186 842 3246 reddunt
883 3186 962 3255 Cum
984 3190 1065 3251 enim

113 3287 283 3347 addendum
305 3291 351 3347 est
371 3304 469 3357 amen,
491 3284 643 3355 dubitatio,
675 3305 751 3362 quae
784 3286 815 3344 in
843 3287 984 3349 cordibus
1006 3294 1064 3363 est,
1094 3322 1098 3329 ·

113 3406 198 3447 omen
220 3390 316 3446 mutet
338 3389 367 3446 in
385 3385 564 3465 ‚negativam
587 3383 667 3460 quod
687 3385 760 3443 nihil
780 3388 828 3445 sit.
851 3387 967 3447 Contra
982 3388 1065 3464 buno

113 3479 326 3547 dubitationem
340 3485 437 3547 David
463 3486 512 3546 bic
532 3503 587 3557 nos
606 3484 760 3544 confirmat
789 3504 841 3546 suo
864 3486 1009 3567 exemplo,
1029 3492 1068 3551 aa

111 3574 489 3695 Quissionos,
518 3602 593 3662 quas
620 3584 780 3657 babemus,
800 3585 941 3667 proponit
972 3604 1062 3650 susm
1091 3645 1094 3652 .

161 3700 215 3767 lit)
232 3698 321 3755 lisam
334 3697 445 3755 auditor
461 3714 585 3771 precum.
