2190 4064
62 86 139 171 ‘ild
215 76 218 81 ἰ
427 68 737 201 ΙΕὶιιιιπῑίοᾯι
818 108 825 127 “

55 260 124 345 llll.
163 240 384 347 li'ened'ioat
417 257 493 323 tibi
525 242 776 319 dominusex
805 260 931 332 Zion,
971 262 1035 338 qui

234 400 239 423 ¹
293 339 801 409 ieciteoelumetterrom.

156 443 204 506 De
218 444 301 517 Zion,
316 444 472 522 aliquoties
494 444 524 505 in
546 443 593 504 his
613 443 792 511 lectionibus
807 444 1032 507 admonuimus.

72 526 174 591 l'oluil
195 530 271 587 enlm
293 525 392 600 Deus,
418 544 479 587 non
500 526 595 586 solum
617 529 712 587 ritum.
729 534 760 588 ei
780 546 950 608 personas,
979 529 1032 588 sed

73 614 173 675 losum
202 626 322 687 quoque
352 608 452 671 cultus
479 616 593 669 eertum
615 628 698 681 esse,
729 626 766 670 ne
798 610 894 671 animi
922 612 1031 670 incerti

72 697 264 775 rogarentur,
285 696 317 751 et
335 693 392 752 sibi
413 693 486 772 ipsis
507 697 591 752 certo
610 692 675 752 loeo
688 692 824 752 cultuum
846 692 1029 771 deligerent.

73 778 155 844 (luia
174 781 274 834 autem
296 792 356 835 oon
376 776 498 835 carebat
518 793 568 835 res
588 774 744 845 scandalo,
777 775 852 852 quid
875 779 956 834 enim
979 779 1030 834 ob-

73 859 195 921 surdius
216 861 316 937 potest
336 856 422 935 fingi,
450 875 539 935 quom
561 855 656 916 Deum
680 857 754 917 coeli
776 866 808 917 et
828 863 935 918 torrae
958 877 1028 918 oon·

71 941 154 1001 eludi
175 942 205 999 ln
227 934 293 999 iilos
313 940 474 998 tenebrosi
516 934 582 999 ideo
605 939 643 998 ed
663 939 885 999 confirmandos
908 942 1027 1013 aninsos

72 1025 163 1097 dicit,
190 1022 271 1098 quod
291 1020 443 1092 dominus,
474 1021 525 1099 qui
546 1023 577 1080 in
597 1022 673 1082 Zion
688 1022 820 1093 habitat,
843 1024 886 1083 sit
902 1031 1029 1082 creator

73 1104 149 1173 coeli
182 1114 214 1163 et
241 1107 350 1163 terrae.
392 1102 477 1163 Haeo
509 1121 599 1183 saepe
634 1105 776 1174 diximus,
798 1101 841 1164 ''et
869 1105 949 1165 utile
981 1112 1028 1164 est

71 1185 343 1265 menoncaleni,
369 1194 407 1235 ne
430 1174 594 1255 deligamus
615 1188 700 1241 nobis
721 1184 890 1267 peculiares
912 1185 1027 1243 cultos.

71 1272 160 1328 stent
180 1266 257 1319 onim
278 1266 308 1316 in
329 1261 422 1318 reteri
434 1263 612 1319 testamento
634 1265 700 1319 erat
720 1270 821 1320 certus
838 1264 935 1334 loeus,
957 1282 1026 1341 per·

71 1361 178 1414 sonse,
220 1345 355 1420 tempora
392 1345 492 1411 serto,
533 1338 642 1417 quibus
671 1341 758 1401 Deus
786 1342 901 1403 maltum
936 1365 1025 1405 suum

71 1428 159 1505 qussi
179 1422 320 1491 aflixerm,
342 1422 385 1479 lta
404 1422 486 1501 apud
508 1440 562 1483 nos
583 1425 613 1482 in
636 1424 699 1484 solo
711 1424 830 1484 Christo
853 1427 1024 1487 invenimus

66 1513 196 1589 matrem.
238 1503 271 1563 ln
287 1504 406 1564 Christo
427 1502 571 1563 adoratur
590 1509 679 1582 pater
695 1513 727 1566 et
747 1507 912 1591 ingenitur:
937 1518 1024 1567 extro

72 1590 227 1650 Christum
254 1605 310 1646 nee
331 1584 450 1645 adorari
478 1604 533 1645 nee
560 1586 684 1644 inveniri
706 1593 821 1667 potest,
855 1587 909 1659 sed
940 1589 1022 1648 dani·

71 1659 174 1732 netum
203 1672 266 1740 est,
299 1665 446 1745 quidquid
476 1671 561 1728 extro
582 1669 735 1731 christum
765 1687 821 1750 pro
856 1671 944 1733 cultu
966 1672 1021 1731 liei

69 1746 246 1814 instituitur.
592 1744 599 1753 ’

153 1837 277 1894 Summa
293 1833 384 1913 igitur
405 1834 465 1893 ost:
506 1831 597 1892 Vobis
623 1832 827 1895 s'aoerdotibus
850 1834 934 1907 dieo,
968 1855 1022 1897 sos

70 1935 191 1989 moneo,
226 1921 261 1975 ut
288 1917 412 1975 veroum
447 1916 612 2005 sequamini
642 1924 674 1976 et
694 1934 771 1997 pure
803 1917 1020 1979 administretis

71 2000 199 2061 officium
219 2002 360 2058 vestrum.
403 1998 477 2064 Nam
498 2001 588 2056 verbo
610 2003 640 2056 et
656 2001 818 2059 ministerio
837 1990 921 2061 salvo
945 2002 1018 2060 nihii

72 2088 132 2154 est,
153 2081 233 2159 quod
256 2083 352 2161 possit
372 2098 489 2139 nocere.
530 2078 597 2139 Etsi
619 2083 696 2140 enim
719 2084 812 2141 Satan
833 2085 1019 2144 eimundus

72 2169 228 2246 oppugnat
245 2183 319 2235 nos,
349 2162 420 2238 quid
448 2162 533 2220 turni
577 2162 610 2219 Si
637 2165 714 2222 enim
734 2163 817 2225 Deus
844 2183 901 2246 pro
923 2168 1018 2236 nobis,

72 2252 139 2326 quis
162 2252 268 2309 contus
286 2246 360 2305 nost
402 2245 503 2304 Prima
522 2246 624 2321 itaque
645 2249 793 2317 curarit,
814 2256 848 2307 ut
869 2258 922 2308 tos
946 2250 1017 2309 doo-

71 2339 152 2392 tores
174 2330 287 2391 curetis
308 2327 346 2387 de
373 2344 449 2408 puro
470 2328 561 2386 verbo
589 2328 810 2389 conservando:
842 2331 873 2388 in
901 2349 937 2389 eo
967 2333 1020 2389 ad·

69 2416 154 2492 juvet
184 2430 236 2473 vos
257 2411 348 2471 Deus.
390 2409 475 2469 llaec
503 2414 581 2469 enim
608 2428 680 2468 vera
710 2418 740 2470 et
770 2413 937 2491 praecipua
972 2421 1019 2472 est

69 2496 127 2557 Dei
149 2494 332 2565 benedictio,
353 2492 385 2551 id
405 2491 485 2569 quod
507 2495 610 2570 posset
631 2492 689 2552 diei
709 2492 863 2572 pluribus,
893 2496 948 2554 sed
971 2516 1018 2555 eo-

72 2581 112 2640 tis
139 2580 179 2639 sit
206 2577 381 2639 ostendisse.
423 2575 563 2634 Nostrum
590 2574 677 2633 hodie
706 2582 768 2647 est,
800 2578 833 2634 in
859 2577 918 2636 hae
948 2577 1018 2638 luce

71 2663 156 2723 serbi
177 2661 282 2721 eadem
298 2659 422 2720 studere
444 2663 475 2718 et
496 2658 611 2726 conari,
638 2676 674 2717 ao
693 2660 828 2718 omnihus
848 2660 946 2720 modis
969 2680 1018 2720 ea·

71 2762 156 2816 vere,
188 2761 301 2822 nepes
328 2740 572 2819 ingratitudinem
593 2745 727 2800 nostram
753 2742 877 2801 verbum
906 2742 1018 2801 iterum

70 2829 251 2887 amittamus.
292 2824 324 2883 ld
346 2822 412 2894 liet,
444 2824 470 2882 si
491 2840 544 2881 nos
571 2841 689 2899 quoque
717 2824 850 2883 ecelesiis
878 2826 1019 2904 precabi-

69 2928 152 2981 mur,
181 2918 217 2969 ιιι
236 2906 394 2966 benedicat
414 2924 465 2964 eos
485 2903 568 2964 Deus
588 2923 644 2984 per
665 2903 757 2965 filium
778 2924 875 2977 suum,
899 2906 1018 2966 'redem-

71 2999 181 3061 torem,
209 2990 358 3049 dominum
387 3004 424 3045 ee
443 2985 540 3045 Deum
568 2994 703 3047 nostrum
724 2988 828 3049 Jesum
848 2987 1017 3060 Christum,

71 3076 121 3136 eui
142 3071 268 3133 sitlans
290 3074 320 3129 et
341 3069 436 3148 gloria
456 3069 485 3126 in
507 3068 627 3128 saecula
647 3070 843 3133 saeculorum.
885 3069 996 3131 Amen.

152 3155 242 3212 l'iniit
262 3151 414 3212 liutherus
434 3150 569 3211 Psalmos
598 3151 751 3214 Graduum
770 3153 1019 3231 Vuitteubergae,

70 3256 147 3299 anuo
171 3236 279 3307 domini
303 3238 392 3297 1533.
415 3234 463 3294 die
484 3234 683 3298 Octobrisii.
740 3234 892 3315 Descripti
915 3242 1019 3296 autem

70 3326 141 3382 sunt
163 3320 358 3399 Noriborgoe,
379 3322 410 3378 et
430 3316 505 3376 liniti
525 3335 602 3376 anno
626 3321 714 3380 1540.
736 3319 785 3381 die
805 3319 942 3380 ianuarii
965 3323 1019 3383 26.

17 3820 154 3959 *t
