2190 4064
268 196 272 203 -
306 128 341 273 Ἰ
377 101 522 267 ηιμ-ι
546 160 686 226 cxxx.
746 246 750 253 Ι
939 159 999 222 sss

54 333 174 389 centnm
194 330 242 403 est
259 316 389 394 stisltot,
411 321 470 381 siis
490 320 640 381 hominum¹
660 317 869 399 judioisesss.
910 315 1001 375 vidos
1029 344 1033 367 ι

12 491 20 511 g
54 433 205 493 hominem
225 429 356 506 positum
387 428 418 486 in
439 424 668 506 cogitationibus
688 423 728 483 ds
744 419 857 502 judicio
874 419 930 481 Dei
950 438 1004 480 no·

55 536 151 598 inisse
172 533 321 598 confidere
349 534 379 591 in
398 531 517 610 justitie
536 534 568 589 et
595 528 736 610 operibus
757 527 845 587 suin·
875 526 933 586 .Sio
963 525 1003 584 de
1056 516 1062 543 '

55 643 187 720 quodem
209 641 267 699 niio
287 631 499 709 ostentmst)
520 634 633 706 fertur,
661 652 729 694 oum
749 637 831 692 esset
851 630 1004 692 adhibitus
1031 692 1034 704 ,

55 748 97 807 ud
119 746 270 823 quendam
290 739 520 810 consolandum,
553 739 605 816 qui
633 725 697 816 jum
727 738 837 816 agebas
867 739 1028 817 animum,¹

53 854 194 933 jussisse,
213 853 249 909 ut
269 853 394 908 mortem
414 846 565 924 patienter
584 843 685 914 terret,
706 842 751 902 its
769 843 847 902 snins
859 842 1005 917 intusum,

15 1010 24 1026 ,
56 966 95 1018 ut
116 956 319 1030 consequutus
343 955 494 1009 oeternum
515 947 621 1018 sitnm,
655 947 735 1006 siout
754 947 890 1008 monaehi
910 948 1005 1007 nostri

58 1060 142 1122 soliti
165 1063 236 1120 sunt
256 1055 402 1117 consolari
422 1054 555 1114 hominos
575 1051 695 1132 capituti
717 1051 863 1130 supplicio
876 1052 1008 1113 officion·
1039 1090 1044 1101 ·

59 1166 126 1224 dos.
175 1162 219 1222 toi
240 1158 404 1220 demerito
426 1157 536 1217 Christi
561 1162 613 1216 snt
631 1174 739 1237 pssum
760 1162 814 1217 sut
834 1157 907 1227 nihii
928 1157 1009 1219 dics·

60 1271 163 1337 betur,
183 1254 301 1324 t'sntuni
320 1263 460 1323 dicebant
476 1260 514 1319 de
536 1266 639 1334 morte,
660 1279 750 1339 quom
770 1245 899 1323 subituri
915 1254 1009 1324 [oront

61 1371 261 1456 condemnati,
284 1365 365 1444 quod
384 1385 440 1445 per
460 1384 525 1433 sam
546 1369 646 1425 essent
664 1367 829 1449 ingressuri
848 1368 889 1428 nd
908 1372 1007 1429 sitnm.
1075 1350 1078 1364 ’

63 1477 128 1537 Sed
151 1476 223 1552 quid
245 1473 353 1534 accidit
373 1471 443 1530 huis
463 1469 664 1530 consolatorii
707 1471 783 1530 Gum
796 1473 829 1545 is,
851 1492 940 1551 quom
952 1477 1011 1537 hon

62 1581 154 1643 modo
170 1578 339 1640 consolatus
354 1580 428 1647 erut,
450 1574 637 1646 decessisset,
658 1576 832 1655 gravissimu
846 1572 1011 1643 tentationo

63 1687 229 1764 excipitur,
248 1684 280 1743 in
300 1676 429 1743 mentem‘
450 1683 547 1751 seuit,
570 1699 657 1757 qnsm
679 1699 785 1761 purum
807 1683 920 1745 firmam
941 1705 1012 1748 cons

65 1790 242 1851 solutionem
262 1788 349 1848 fratri
370 1787 570 1865 suggesserit,
599 1805 666 1846 cum
684 1788 777 1866 jussit
795 1807 863 1849 eum
884 1793 938 1851 niti
958 1811 1012 1873 ps·

65 1896 176 1955 tientis
207 1912 276 1965 suu,
311 1897 342 1952 st
368 1911 429 1951 non
455 1893 555 1972 potius
581 1895 686 1971 merito
715 1899 746 1955 et
772 1907 868 1956 morte
890 1890 1012 1959 christi,

10 2084 23 2095 ἱ
66 2000 156 2060 lisso
177 1999 358 2058 cussintrs
385 1996 519 2057 triduum
544 1996 693 2058 hominem
719 1999 860 2073 coniecit,
892 2008 926 2062 ut
947 2004 1012 2086 ipio

67 2122 191 2182 quoquo
209 2109 385 2162 moreretur.
931 2168 934 2173 Ι

96 2216 103 2229 ’
152 2207 254 2286 ‘liujus
275 2208 394 2286 generis
416 2205 643 2266 innumerabilis
670 2207 803 2288 exemplo
823 2210 897 2271 hoec
918 2215 1016 2289 quoti·

71 2315 164 2377 diune
199 2315 261 2372 sits
292 2310 438 2382 ostendit,
474 2328 551 2388 queo
587 2312 728 2390 probunt,
763 2333 822 2373 non
849 2320 922 2378 sotis
948 2306 1015 2380 esse

71 2424 208 2478 nostrum
226 2417 373 2494 justitium
395 2420 426 2476 et
447 2417 643 2476 voluntariam
665 2425 807 2489 mortem,
830 2421 883 2479 sed
904 2425 1015 2501 requisi

71 2523 163 2583 fidem
185 2524 215 2581 in
236 2523 387 2582 Christum
409 2521 522 2581 desum.
571 2522 670 2600 Hujus
697 2529 793 2583 morte
820 2529 884 2585 tuto
911 2545 1017 2606 possu-

71 2648 143 2691 mus
164 2625 302 2704 niti¹⁵),
324 2628 402 2704 quis·
414 2632 461 2687 'est
481 2626 657 2687 sucrificium
677 2632 884 2708 propeccatis
905 2633 1016 2694 mundi.

72 2736 186 2795 Nostis
205 2751 293 2803 mors,
314 2722 429 2793 etiamsi
449 2752 513 2792 eum
536 2733 687 2812 patienter
710 2733 884 2807 toleremus,
906 2742 936 2796 et
957 2755 1017 2798 om·

13 2880 16 2885 -
74 2841 123 2900 nis
155 2838 214 2897 olio
245 2846 348 2897 nostra
377 2837 545 2897 obedientie
575 2857 631 2917 pro
665 2843 797 2918 possitis
828 2847 1024 2920 reputentur,-

73 2964 146 3007 cnm
169 2943 280 3002 Christi
300 2945 436 3003 meritum
459 2943 649 3023 negligimus,
682 2950 713 3005 et
734 2947 877 3007 sentimus
908 2967 962 3008 nos
983 2949 1018 3009 iis

74 3049 228 3114 sublevari
248 3050 278 3106 in
296 3049 409 3127 judicio
428 3048 492 3108 Dei.
617 3102 623 3115 ,

154 3148 243 3232 'Ergo
265 3172 349 3212 nemo
379 3155 447 3232 pius
469 3155 576 3213 subest
603 3160 726 3214 mortem
749 3161 780 3215 et
797 3155 943 3234 judicium
964 3158 1020 3219 Dei

74 3261 189 3321 fiducia
209 3258 307 3319 meriti
329 3264 382 3317 sut
401 3259 537 3336 justitiae
558 3277 640 3318 suae.
682 3259 825 3320 Neosnns
840 3268 913 3345 puto
926 3282 1019 3342 quon-

74 3384 169 3451 qusm
191 3365 268 3443 inter
296 3363 483 3424 adversarios
504 3384 583 3434 esse,
615 3366 666 3441 qui
696 3368 775 3426 nusit
798 3367 943 3445 judis-ium
964 3367 1021 3429 Dei

74 3507 286 3522 m

151 3590 203 3664 14]
224 3594 378 3649 flersmito.
451 3595 501 3664 15)
522 3586 614 3651 iiorto
634 3594 741 3653 coristi
760 3598 824 3652 suin
841 3608 900 3653 tuto
922 3613 1038 3667 postu.

74 3706 141 3746 mus
160 3701 219 3746 nito.
