2190 4064
311 100 719 189 ''r-sinleum·
830 82 836 101 ‘
881 160 885 172 .
939 128 1018 198 m
1076 118 1079 123 ·

58 294 186 362 nempe,
208 279 288 357 qoorl
309 280 391 360 lnrpli
414 281 467 340 olla
489 278 591 341 taliaes
613 286 692 351 sant,
715 262 753 341 it·
766 266 1017 359 ndentnrrqns'st

57 388 227 467 praemium
243 385 323 445 terra
343 384 562 465 persecutionis
583 390 614 445 et
629 384 689 445 odil
710 386 741 445 in
761 382 1014 460 christianosllj.

58 484 93 550 Si
116 491 196 550 enim
215 508 308 549 anum
329 494 383 548 aut
403 483 531 547 alterdm
554 488 632 548 ‹liern
653 489 735 550 Deus
756 490 945 565 tyrannidem
966 511 1015 553 eo-

57 612 129 654 ram
149 595 294 655 toleraret
315 600 346 655 et
367 595 466 655 statim
488 595 668 673 promerito
689 596 825 675 puniret,
847 595 1016 659 diceremus
1070 611 1073 619 ·

59 719 174 773 omnes,
194 699 292 761 Deum
319 717 390 760 saos
411 699 579 779 respicere,
605 703 637 760 at
664 700 761 779 impiis
789 700 886 760 irasoi.
928 701 1015 762 iluna

59 810 163 865 antam
185 823 261 875 ,cnm
282 804 322 864 ad
342 803 453 864 multos
482 823 575 864 annos
596 805 733 884 impietas
754 800 822 863 lelix
850 805 891 865 sit
909 808 940 864 et
961 804 1015 864 im-

58 913 184 991 punita,
212 909 247 970 lit
267 910 348 988 quod
368 908 518 995 Diogenes
540 910 577 969 de
597 909 731 989 Harpalo
753 908 889 980 dicebat,
917 913 952 969 nt
972 911 1015 970 vt.

60 1014 198 1075 deantur
220 1014 321 1074 dicere
348 1017 446 1075 virum
476 1016 676 1075 testimonium
705 1019 810 1075 contra
840 1013 920 1074 deos.
970 1015 1016 1075 lta

59 1084 218 1183 tenlantnr
251 1119 312 1199 pii
325 1137 444 1198 quoquo
471 1119 524 1180 illa
549 1139 646 1192 mora,
674 1125 710 1179 ut
737 1095 949 1196 nonnunquain
980 1138 1015 1187 eo

29 1224 34 1233 '
59 1225 275 1303 prolabantur,
311 1229 342 1284 et
370 1229 506 1284 statuant
528 1223 628 1283 Deum
661 1242 720 1293 non
745 1226 896 1304 respicere
923 1226 1014 1313 ipsos.

61 1329 304 1390 assumendum
331 1331 433 1405 itaque
452 1334 514 1396 est.
534 1334 583 1400 ut,
612 1329 728 1389 etiarnsi
747 1326 934 1410 prolongatio
955 1325 1016 1391 sni-

60 1454 167 1496 eorum
190 1414 346 1505 sentiatar,
368 1441 467 1496 tanim
489 1453 548 1495 non
561 1433 627 1493 ideo
649 1432 842 1503 offendamur,
863 1434 1017 1514 sedpare·

61 1560 131 1603 mus
159 1560 228 1612 nos,
262 1548 323 1602 rina
349 1541 515 1600 tentatione
535 1538 636 1607 finita,
670 1536 839 1609 adoliam,
869 1539 1017 1615 siquidem
1069 1539 1072 1545 ’

62 1653 184 1725 tergam
202 1652 338 1705 nostrum
359 1645 398 1705 ad
419 1646 476 1706 hoo
496 1648 635 1723 paratam
657 1660 724 1702 esso
745 1641 850 1714 debet,
884 1647 919 1703 ut
939 1645 1015 1705 iera-

61 1770 142 1813 mus·
151 1751 407 1831 prolongationem
429 1749 589 1811 sulcorum.

148 1856 234 1919 Haec
261 1862 309 1917 est
336 1858 433 1936 prima
460 1873 533 1935 pars
561 1851 686 1933 psalmi,
716 1855 746 1911 in
768 1870 843 1930 qna
858 1816 1018 1917 confitetur

63 1962 211 2025 miracula
231 1962 330 2022 divina
350 1965 382 2022 et
401 1961 565 2040 potentiam
579 1957 645 2028 Dei,
666 1975 727 2036 qna
747 1975 818 2018 auos
839 1963 952 2019 serrat
959 1977 1018 2021 non

64 2070 178 2131 solann-
195 2073 300 2128 contra
331 2065 475 2125 mundam
508 2063 562 2124 aed
594 2065 683 2123 etiam
715 2070 820 2125 contra
850 2069 1018 2145 peccatura,

63 2178 192 2235 mortem
220 2177 251 2232 et
273 2156 438 2242 diabolum,
468 2176 499 2228 et
520 2171 582 2250 agit
603 2170 732 2248 gratias,
754 2169 836 2247 qnod
855 2168 909 2229 dat
928 2170 1019 2241 vieto·

63 2282 143 2341 riam
162 2279 265 2350 victis,
292 2277 421 2337 victores
442 2282 542 2335 autem
564 2276 635 2335 lacit
663 2273 781 2334 eadere.
822 2273 912 2334 Hunc
932 2294 1019 2345 erem

63 2393 130 2448 tam
149 2385 239 2464 jubet
257 2402 312 2442 noa
340 2385 528 2460 exspectare,
561 2385 592 2440 et
611 2381 748 2439 bortatur
775 2378 814 2438 erl
834 2379 1018 2458 patientiam.

64 2491 153 2551 Nune
174 2489 340 2569 adprecor
361 2487 459 2557 venit,
487 2489 520 2544 et
540 2503 599 2544 non
620 2483 716 2543 solum
739 2487 820 2553 orat,
853 2482 908 2543 sed
930 2484 1019 2543 etiarn

63 2596 231 2678 promittit,
264 2593 366 2653 hostes
395 2589 643 2658 ecolesiaa,·etsi
669 2588 863 2668 pertinaeiter
890 2592 1020 2667 pergant

65 2719 185 2771 nocere,
205 2706 305 2761 tamen
327 2695 358 2755 id
378 2695 478 2755 iacere
499 2694 564 2759 aine
581 2694 788 2754 benedictione
803 2692 872 2751 sibi·
885 2682 959 2771 ipsis
979 2690 1020 2751 ad

66 2806 161 2869 niem
181 2805 306 2874 ruinam,
327 2805 362 2860 at
382 2818 442 2861 non
462 2799 581 2879 possint
601 2817 732 2876 unquam
752 2813 919 2875 resurgere,
941 2796 1020 2857 siout
1077 2790 1080 2797 ⁴

66 2912 160 2972 etiam
179 2908 362 2988 experientia
381 2904 521 2966 ostendit.
563 2902 614 2962 Te
635 2905 712 2962 enim
732 2918 851 2979 quaeso,
873 2899 954 2977 quod
973 2919 1021 2960 re·

66 3035 161 3097 gnum
182 3016 220 3073 ab
250 3014 334 3072 initio
364 3011 467 3071 mundi
489 3009 601 3070 mansit
623 3005 791 3068 ineolumet
814 3005 941 3085 *Spatia
960 3015 1022 3083 ter-
1070 3072 1073 3081 ,

67 3139 172 3183 rarum
201 3118 318 3179 adline-
314 3117 445 3194 reliqna
467 3122 552 3186 sunt,
586 3112 641 3172 sed
662 3129 769 3191 regna,
800 3115 838 3170 nt
856 3110 935 3171 ille
927 3130 957 3169 ιιι
978 3111 1021 3171 ia·

66 3226 142 3289 toln
162 3224 251 3295 dicit,
282 3219 422 3302 οἴχεται
479 3221 593 3281 Contra
613 3237 679 3277 non
709 3218 752 3276 ita
774 3234 900 3296 magnus
928 3215 1020 3291 furor,

67 3332 187 3393 nonita
204 3345 313 3406 magna
333 3328 472 3406 potentia
492 3341 652 3405 regnorum
666 3318 770 3381 mnndi
790 3320 855 3393 init,
876 3324 911 3381 at
926 3319 1021 3393 eccles

67 3475 281 3492 Μ

68 3586 73 3597 .
139 3539 191 3610 18)
215 3536 398 3607 l’roloogatio
425 3500 570 3593 ruloorurn,
585 3528 743 3601 signifieat,
776 3526 858 3609 qnoti-
879 3525 955 3609 impii
975 3524 1021 3579 lia
1043 3528 1047 3539 ¹

66 3634 125 3690 sint
143 3634 256 3689 ieliees.
868 3684 871 3689 Ι

67 3750 161 3792 Latirerl
176 3746 222 3802 (lp.
237 3751 322 3799 neget.
338 3745 388 3787 vot.
404 3744 456 3786 xx.
821 3729 860 3785 ss
