2190 4064
99 128 192 190 38.
336 77 678 191 'stitueretie
764 115 801 137 ''
888 112 893 120 ⁹

78 286 182 340 'more
204 281 341 351 rubrum,
367 256 439 340 'sive'
454 278 619 341 Jordenern
643 261 813 358 intelligas,
839 284 952 360 pm
972 280 1048 339 uin

63 366 212 466 ''roiert
243 381 413 445 similitudo
435 384 514 442 enim
533 383 609 443 ineo
638 387 700 444 ests
742 384 831 443 Sicut
851 399 909 460 per
928 400 1045 443 manua

103 491 185 545 tuem
205 486 379 544 mirabiliter
399 486 513 556 fecisti,
541 490 580 545 ut
607 503 689 545 mare
710 486 916 547 exsiccaretur
935 468 963 545 s'
975 487 1049 546 sicco
1080 490 1083 509 ²

103 591 206 663 vento,
240 588 283 645 ita
316 590 435 664 penitus
458 588 588 659 exsicca,
619 588 764 665 quidquid
794 589 1050 669 est10aptivitstis

104 693 133 749 in
156 693 254 761 uobis,
277 695 311 750 ut
331 680 465 768 perieete
486 693 675 762 absumatur,
704 693 782 751 sieut
802 695 974 764 torrentes,
1004 692 1051 768 qni

66 858 69 865 ,
103 811 160 874 per
179 795 303 852 hiemem
325 795 487 868 inundant,
516 814 572 874 per
592 794 736 854 aestatem
758 797 859 853 eutem
886 795 944 854 toti
966 797 1052 888 orsio:

105 905 222 958 centur.
271 898 426 976 Significat
458 900 535 959 euim
567 899 743 977 simpliciter
773 900 957 972 siccitatem,
993 901 1051 961 sive

107 1022 180 1081 eam,
199 1003 363 1081 intelligas,
388 1021 479 1079 ‘quae
498 1003 530 1060 in
559 1004 633 1062 mari
656 1005 747 1073 rubro
770 1008 801 1063 et
827 1002 963 1068 Jordene
981 1000 1051 1076 tuit,

108 1086 272 1183 siue'quae
286 1107 316 1164 iu
339 1108 523 1167 torrentibus
544 1105 621 1167 solet
642 1106 786 1165 accidere.

115 1244 121 1252 ·
153 1216 155 1224 ⁴
189 1211 257 1277 Hoc
274 1212 369 1288 ‘igitur
390 1209 470 1287 quod
490 1227 611 1281 moneo,
632 1215 667 1269 ut
688 1211 922 1272 assuefaciamus
943 1229 999 1272 nos
1019 1210 1054 1271 ed

109 1301 259 1377 essidnem
272 1316 441 1385 orationem,
463 1318 493 1373 et
506 1314 726 1377 meditationem
743 1315 912 1393 scripturae
925 1323 1053 1377 sanctae.

110 1420 175 1486 oui*
199 1438 259 1480 nou
288 1423 499 1502 pugnaverunt
527 1424 631 1479 contra
651 1415 880 1496 Setsnam12),
911 1421 1054 1491 nesciunt,

111 1538 199 1601 qnam
225 1524 348 1604 spiritus
369 1543 493 1604 precum
514 1526 553 1584 sit
572 1525 768 1585 necessarius.
809 1523 962 1584 Paulso-
982 1525 1055 1583 e'ninr

111 1608 221 1693 erescit
241 1629 422 1709 negligentia
444 1634 474 1689 et
495 1630 656 1700 securitas,
688 1631 768 1690 sicut
787 1631 895 1707 rubigo
918 1630 949 1687 iu
970 1629 1054 1698 ferro,

58 1808 60 1814 Ι
111 1738 144 1793 et
164 1736 285 1794 verbum
300 1734 444 1813 paulatim
462 1735 548 1810 quasi
571 1734 608 1793 de
622 1735 757 1795 manibus
772 1733 940 1805 delabitur,
960 1735 1055 1813 prius·

113 1856 201 1914 quens
216 1840 387 1900 sentiamus.
429 1837 496 1899 Hoc
518 1857 584 1898 cum
606 1838 648 1911 fit,
664 1840 726 1917 jam
741 1838 894 1897 dimidium
916 1839 1055 1923 victorine

66 1986 68 1997 ,
113 1946 207 2003 Satan
228 1943 361 2004 abstulit.
402 1942 467 2002 Non
488 1943 565 2002 enim
587 1942 708 2017 dormit,
729 1944 783 2004 sed
804 1944 944 2018 observet
965 1934 1056 2001 omnia

112 2052 276 2120 momenta,
298 2052 413 2108 ettam
434 2047 552 2133 adoriri
566 2044 656 2120 solet,
686 2068 754 2108 cum
774 2066 826 2108 cor
846 2065 977 2108 uacuum
996 2064 1057 2106 ver·

106 2155 151 2230 ,bo
173 2154 308 2214 senserit.
349 2151 499 2243 lb’piecile
520 2155 662 2226 tanquam
684 2173 719 2212 ex
739 2151 868 2212 scintille
887 2153 996 2230 ingens
1017 2152 1056 2211 in·

115 2258 254 2319 cendium
284 2259 316 2318 iu
345 2257 527 2320 couscientia
548 2257 664 2316 excitat.
704 2257 739 2315 id
758 2259 933 2336 priusquam
954 2257 1056 2317 restiu-

114 2363 166 2441 gni
186 2363 298 2442 possit,
327 2344 365 2427 et‘
379 2364 517 2424 Christus
539 2381 575 2422 cc
595 2362 717 2421 verbum
737 2363 845 2421 iterum
867 2360 1055 2440 apprehendi,

114 2471 168 2534 eut
191 2469 341 2531 doloribus
363 2477 394 2530 et
413 2470 594 2554 cruciatibus
616 2467 753 2546 oppressi
774 2474 827 2533 aut
848 2468 971 2547 penitus
994 2485 1056 2539 epe·

115 2575 175 2632 cati
203 2593 315 2634 sumus.
363 2575 420 2634 Est
448 2574 524 2632 enim
551 2572 713 2644 homicida,
751 2575 783 2630 et
811 2573 909 2631 omnia
940 2571 1061 2651 consilis,

115 2695 172 2737 sua
199 2679 328 2739 instituit
354 2679 394 2739 ad
421 2697 474 2737 nos
501 2677 686 2739 occidendos.
734 2677 943 2737 Necessarium
970 2676 1057 2755 igitur

116 2783 305 2859 estlvcrbnm
333 2784 500 2854 ruminare,
533 2788 564 2842 et
585 2802 686 2864 opere,
710 2784 774 2841 sive
804 2801 871 2841 cum
900 2782 1057 2861 surgimus,

116 2886 178 2965 aire
207 2886 339 2945 cubitum
366 2889 456 2957 imus,
484 2905 522 2944 ne
552 2906 606 2948 uos
633 2907 742 2949 vacuos
756 2892 795 2948 et
817 2888 980 2965 imparatos
1011 2887 1057 2946 ho·

116 2990 171 3048 stis
190 2991 341 3064 inveniet,¹
357 2996 388 3052 et
402 2992 613 3069 redemtionem
626 2995 704 3055 hene
727 2995 847 3075 penitus
868 2993 954 3085 nobis
976 3011 1058 3054 excu-

116 3093 173 3152 tiat
190 3089 253 3171 η).

63 3218 64 3222 ’
198 3198 264 3276 Ego
293 3202 381 3260 etiam
407 3200 562 3279 theologus
584 3221 664 3276 sum,
693 3204 744 3280 qui
774 3203 953 3263 mediocrem
974 3220 1058 3264 usum

118 3308 149 3364 et
168 3304 304 3383 peritiam
327 3324 431 3368 sacrae
452 3307 618 3386 scripturae
640 3310 728 3368 seriis
747 3309 888 3389 perieulis
909 3328 976 3370 sum
994 3326 1059 3370 con·

130 3572 133 3579 ·
187 3549 239 3620 lt)
258 3547 414 3630 Periculum
434 3551 507 3625 quod
526 3532 687 3612 christianis
715 3555 851 3613 imminet.
926 3554 977 3628 te)
1006 3549 1057 3607 ΕΣ·

118 3643 247 3701 ereitinrn
265 3644 353 3702 certi.
1040 3682 1043 3687 .
