2190 4064
297 256 301 261 ·
407 238 626 305 ιιιιιιιιι.
766 216 801 269 ·,
888 198 986 297 ἰι

61 406 219 472 tenuemus,
253 398 308 459 eed
328 397 385 457 hoc
404 392 572 453 iaciendum
593 398 655 465 es't,
678 399 720 467 ut,
737 396 820 457 sicut
838 401 996 477 peccatum

58 522 107 561 cun
126 504 237 560 notura
256 497 415 556 marimum
428 500 458 553 et
471 494 677 583 gravissimum
698 501 752 568 est,
771 498 815 557 ite
828 498 917 557 etlam
929 516 997 577 grn-
1011 550 1015 561 .

53 605 120 663 tiam
142 618 198 660 seu
222 593 453 656 misericordiam
474 596 645 654 tremensem
664 605 694 656 et
714 582 918 658 inexhaustam
932 608 999 657 esce

52 701 219 769 credamus,
239 698 319 757 sicut
338 693 436 754 David
455 693 544 773 pleno
566 712 616 754 ore
635 696 694 757 hoc
711 697 825 775 jactat·
867 699 1000 769 „-Secun

50 801 121 860 dum
155 794 377 857 multitudinem
411 796 633 854 miserationum
663 799 782 857 tuarum
812 797 998 875 iniquitatem

50 919 148 960 meum
170 897 267 957 dele.“
582 892 596 939 '·
978 886 980 891 ’

132 995 238 1073 Atque
258 995 318 1053 huc
346 994 436 1054 etiem
455 993 527 1053 facit
555 996 654 1075 iprum
674 994 851 1057 vocabulum
867 994 1006 1065 delendi..

49 1119 110 1178 quo
132 1097 284 1177 propheta
304 1095 353 1154 hic
373 1096 476 1166 utitur,
498 1099 528 1154 et
539 1094 653 1155 Paulus
668 1094 783 1163 Coloss,
805 1094 1001 1168 2.‘:„1)eleue

48 1197 300 1276 chirographum,
323 1194 403 1272 quod
429 1194 571 1255 adversus
591 1214 639 1255 me
662 1200 755 1256 erct“
795 1196 869 1255 ltem
890 1196 1002 1254 Petrus

48 1304 128 1360 acto.
144 1300 190 1358 3.:
224 1295 463 1367 ,poenitentiam
485 1295 564 1373 agite
586 1300 616 1355 et
637 1297 848 1368 convertimini,
868 1300 903 1356 ιιι
925 1294 1005 1354 dele-

50 1406 147 1459 antur
167 1416 220 1456 ves
222 1400 270 1455 tra
289 1398 443 1475 peccate.“
474 1394 633 1474 Significat
650 1398 728 1455 enim
747 1389 872 1456 verbum
887 1372 1006 1455 delendi

49 1498 213 1579 peccate
203 1515 235 1554 m
255 1499 359 1553 nostra
380 1496 559 1554 conscientia
580 1498 697 1576 scripte'
711 1512 780 1556 esee
793 1496 905 1559 calamo
923 1495 1008 1575 legin,

52 1618 89 1659 ec
121 1599 211 1676 optet
230 1582 393 1674 prophdte,
420 1595 499 1654 sicut
519 1595 655 1654 aboletur
675 1596 854 1675 scriptura
845 1616 876 1655 ιιι
897 1594 1009 1655 tabella

54 1698 167 1775 eliqua,
189 1700 226 1755 ut
245 1696 289 1755 sic
310 1696 398 1754 etiam
411 1694 567 1755 aboleatur
581 1696 723 1754 memoria
737 1694 881 1773 peccati
874 1708 904 1752 ιιι
919 1690 1009 1753 corde

54 1817 109 1859 suo
134 1803 168 1856 et
189 1794 283 1857 oculis
303 1785 367 1866 Dei,
389 1797 432 1855 sic
451 1799 560 1867 tamen,
580 1814 619 1854 ne
634 1798 739 1874 pereat
756 1795 854 1881 gratie
877 1797 1011 1883 autgre·

57 1899 168 1968 titudo,
190 1898 262 1973 quie
284 1895 408 1979 culpa
394 1897 437 1961 cic
458 1876 605 1954 condonat
592 1898 656 1966 t,ur
677 1913 715 1954 ne
735 1899 834 1959 tamen
856 1894 1011 1956 oblivisca-

57 2019 126 2059 mur
148 1997 273 2077 gratiae,
294 1997 372 2054 sicut
393 1994 501 2054 Petrus
523 1995 595 2055 dicit
616 1996 653 2055 de
674 1995 742 2068 illis,
763 1996 814 2072 qui
835 1994 1011 2055 obliviscun-

58 2108 110 2161 tur
130 2098 336 2157 remiosionem
356 2098 490 2155 veterum
509 2100 710 2175 peccatorum,
732 2098 762 2154 et
783 2094 936 2155 cumulent
953 2111 1013 2174 per

60 2197 302 2259 incredulitatem
323 2199 354 2254 et
374 2194 617 2285 ingratitudinem
637 2200 857 2274 novapeccata,
880 2195 1012 2255 sicutri-

63 2299 170 2358 demus
199 2297 288 2356 hodie
307 2294 449 2355 mnndum
470 2294 592 2374 plenum
613 2314 679 2354 esse
692 2298 857 2354 contemtus
870 2275 1014 2373 erangolii
1042 2338 1044 2343 .

63 2404 95 2458 et
115 2398 212 2458 omnis
232 2396 350 2476 generis
370 2397 517 2457 licentiae.
545 2396 580 2455 ln
599 2386 878 2475 talibdspeccetum
890 2412 950 2453 non
963 2392 1014 2452 de-

10 2566 16 2573 ,
64 2500 153 2570 letur,
175 2496 231 2557 sed
253 2488 351 2557 altius'
363 2495 551 2576 insculpitur.
580 2496 662 2575 Ergo
681 2501 843 2570 utrumque
865 2487 1013 2570 compleo-

67 2601 142 2660 titur
164 2596 276 2668 David,
297 2599 331 2654 ut
350 2600 508 2675 peccatum
529 2595 698 2667 aboleatur,
719 2600 750 2655 et
771 2594 860 2653 detur
882 2593 1016 2673 Spiritus

67 2704 206 2768 ιιιιιιιιι,
225 2715 281 2776 per
302 2714 390 2772 quem
409 2698 650 2777 peccetopossit
670 2697 819 2767 resistere.
864 2692 943 2758 (luia
963 2709 1017 2752 au·

68 2806 130 2859 tem
149 2801 268 2867 tantum
288 2796 365 2874 petit
387 2794 572 2868 deletionem,
593 2796 780 2855 manifestum
792 2797 847 2864 est,
870 2791 1016 2870 quomodo

70 2899 174 2957 damus
195 2890 277 2974 justi,
299 2894 428 2968 scilicet,
450 2912 532 2956 mera
559 2896 754 2978 imputatione
771 2894 927 2972 justitiae,
948 2909 1015 2950 oum

71 3016 126 3079 per
147 2997 273 3077 gratiam
292 2999 418 3074 peccata
439 2994 585 3079 delentur,
607 3001 638 3056 et
658 3015 712 3056 nos
731 2997 857 3075 propter
865 2992 1019 3052 Christum

73 3099 235 3176 accipimur
255 3096 286 3153 in
306 3097 442 3176 gratiam.
485 3097 547 3156 Sed
567 3096 668 3173 confer
689 3096 749 3155 huc
768 3091 977 3171 sophistarum·
989 3094 1020 3149 et

75 3198 319 3259 scholasticorum
341 3197 461 3267 somnia,
481 3200 555 3255 tuuc
566 3178 688 3267 videbis,
710 3215 798 3272 quam
810 3198 913 3278 inepte
926 3198 963 3258 de
975 3215 1021 3256 re-

77 3301 215 3359 missione
234 3284 426 3376 pecoatorum
448 3300 478 3356 et
495 3296 614 3376 justitie
636 3295 798 3355 docuerint.

452 3418 457 3431 ι
527 3396 561 3456 11.

79 3496 254 3578 Amplius
281 3496 369 3557 leve
398 3514 453 3556 me
488 3498 532 3556 ab
561 3496 785 3572 iniquitate
812 3513 908 3565 mee,
936 3498 975 3552 ct
1003 3512 1025 3553 e

294 3601 454 3675 peccato
475 3615 557 3655 meo
577 3595 720 3654 munde
741 3574 804 3660 me.

158 3696 313 3758 flectenm
324 3697 413 3776 petiit
423 3698 548 3776 gretiam
565 3701 596 3793 ot
615 3695 823 3762 remissionem
834 3694 1040 3781 peccatorum
