2190 4064
81 117 123 179 ts
210 122 213 137 '
412 111 714 183 ·linsrnatis:
803 146 810 163 -ι
1067 80 1070 233 ἰ

56 264 202 357 χῃοῑίψι,
230 280 367 325 neeessa-
379 267 433 335 ,ast
440 282 567 363 saepe-
563 264 683 347 iulii.
690 202 799 335 -lilbil
809 263 917 344 lpitm
922 262 1070 343 minum
1066 238 1070 309 l

83 375 141 443 ast.
160 373 188 433 si
208 371 298 433 etism
308 344 515 447 magnaanpes
530 388 589 431 nen
609 368 761 439 inlinient
773 370 911 432 obmissa
923 370 1020 431 bamini
1068 388 1070 395 ·

83 482 116 537 at
137 475 314 555 negligenti,
342 492 402 533 nen
422 474 592 535 observanti
613 480 732 553 tempus
752 478 785 535 et
805 473 907 541 locum
926 491 1021 554 oppur-
1067 526 1070 565 1

82 584 199 645 lunum.
241 579 286 639 llli
307 579 413 657 igitur,
416 604 421 615 ·
435 580 514 639 aient
534 578 608 651 dixi,
641 580 698 639 bae
726 579 886 639 eonsilium
913 579 1020 648 dabam
1068 608 1070 615 ·

82 685 260 745 industriam
282 682 376 742 labeni
404 683 572 744 addendam
592 703 673 756 esee,
705 685 777 761 quia
796 682 885 745 labar
905 684 1021 757 sinam
1068 686 1070 695 '

82 789 202 859 dustria
223 778 263 847 sit
283 787 392 847 infelix.

86 938 89 947 .
167 893 286 953 Selomn
314 899 414 954 antem
446 894 558 972 magia
555 830 688 973 proprie
717 891 870 969 lnqiaitur,
909 895 942 953 et
972 908 1022 949 nnn
1068 960 1070 965 Ι

84 998 280 1071 industriam,
310 998 364 1058 sed
392 998 541 1059 dominnm
572 997 645 1057 dicit
676 1016 743 1057 esse
770 1015 906 1057 eausam.
959 996 1023 1057 llam
1067 994 1070 1003 “

82 1103 141 1179 boe
159 1106 259 1184 ipsum
280 1102 453 1163 denumDei
474 1109 529 1177 eat,
549 1122 605 1184 per
625 1103 803 1163 industriam
823 1101 1024 1175 administrare

83 1209 297 1289 rempublicam
316 1208 364 1267 sel
384 1227 492 1288 parare
513 1209 634 1287 aliquid,
656 1228 695 1268 ne
709 1213 827 1269 temere
848 1207 959 1278 irruas.
978 1203 1024 1265 sed

83 1319 241 1394 exspectes
262 1315 432 1375 occasiones
453 1332 565 1375 amnes.
611 1313 690 1374 Tale
710 1313 862 1392 ingenium
884 1319 952 1371 etat
970 1309 1025 1371 lan·

85 1420 233 1483 {latissimi
253 1419 397 1498 principis
419 1419 571 1491 friderici,
593 1417 863 1488 sneundune,
885 1417 1025 1477 electanis.

84 1523 115 1586 ls
136 1526 202 1587 etat
221 1524 267 1583 uin
287 1542 358 1584 vere
377 1524 552 1595 industrius,
565 1525 624 1602 Ιιιιιί
640 1543 699 1583 nnn
716 1522 845 1592 dieebat,
866 1539 928 1581 non
947 1521 1027 1581 latia

84 1631 140 1691 bat
157 1630 270 1705 omnis,
299 1647 378 1705 quae
398 1634 518 1708 poterat
538 1632 569 1689 in
586 1648 733 1711 praesens
753 1628 855 1689 dicere
876 1639 909 1687 et
927 1626 1028 1698 lanera

85 1734 142 1795 sed
160 1736 353 1813 exspectabat
372 1739 506 1816 tempus,
526 1753 698 1815 personam,
719 1734 817 1793 locum
838 1732 1028 1801 commodum,

86 1839 293 1917 dissimulabat
313 1840 421 1911 muita,
458 1858 512 1901 ano
533 1847 633 1907 eutem
655 1843 790 1918 tempere
810 1845 842 1899 et
862 1838 958 1909 Ιοιο,Ι
975 1854 1029 1897 una

86 1949 178 2007 serbo
198 1944 268 2024 plna
290 1940 451 2018 efficiente,
485 1963 574 2020 quam
596 1945 681 2004 multi
709 1944 761 2003 alii
782 1945 846 2004 aine
869 1944 930 2004 bae
950 1943 1030 2003 indu·

87 2053 177 2121 stria,
205 2050 339 2130 potentia
366 2053 397 2108 et
424 2049 537 2108 viribus
567 2050 698 2109 summis.
740 2047 834 2108 Tales
855 2054 929 2109 sunt
950 2049 1031 2108 indu·

87 2158 154 2217 atrii
177 2156 326 2228 homines,
346 2155 398 2230 qui
426 2157 554 2233 possunt
575 2153 777 2225 dissimulare,
809 2157 842 2212 et
859 2159 1031 2232 exspectare

88 2265 289 2341 opportunum
317 2264 451 2340 tempus,
488 2277 547 2334 qun
568 2276 661 2317 unum
688 2260 812 2317 verbum
841 2259 937 2336 magis
958 2259 1031 2328 ierit,

88 2365 256 2449 quam-alio
273 2371 411 2446 tempore
437 2363 524 2424 multi
552 2363 643 2443 gladii
663 2364 798 2423 ferirent
849 2362 910 2425 Est
935 2370 1032 2423 autem

39 2468 40 2473 ’
69 2471 486 2552 ,baaasapieutiabumana
507 2470 729 2540 etnondivina,
751 2470 957 2545 quarentium
978 2487 1033 2527 nen

88 2581 163 2639 satis
194 2577 301 2638 estad
330 2580 430 2637 tantas
457 2594 506 2635 res
527 2574 691 2655 gerendas,
724 2575 776 2634 sed
800 2572 972 2633 adhibenda
991 2576 1061 2631 est=

89 2687 127 2744 sd
150 2704 214 2744 eam
237 2686 339 2754 oratio,
360 2688 395 2739 ut
419 2681 554 2740 dominns
569 2679 656 2750 adsit,
678 2684 709 2738 et
718 2679 834 2758 vigilias
850 2680 947 2749 obeat,
967 2677 1036 2737 alio-

36 2766 39 2773 Ι
90 2792 141 2867 qui
161 2791 275 2849 trustra
295 2785 429 2864 vigilabit
443 2785 631 2861 quantumvis
650 2781 763 2863 mag'ua
771 2783 931 2842 industria.

172 2896 224 2955 Sic
244 2894 350 2953 ducem
370 2889 554 2950 Friderieum
586 2908 755 2966 quanquam
785 2888 1037 2967 sapientissimum

88 3001 185 3065 vinum
205 2999 300 3057 multa
319 2996 504 3067 ielelleruut,
527 3015 603 3072 qnae
624 3014 729 3055 cavere
744 3013 802 3054 nnn
822 2994 938 3072 patuit,
961 3012 1039 3069 qum

90 3122 140 3179 sea
170 3103 261 3161 etiam
292 3101 480 3160 vehementer
509 3119 576 3159 eum
603 3120 694 3180 saepe
726 3101 890 3160 commovit.
946 3099 1040 3159 Forte

90 3209 169 3269 enim
189 3224 248 3266 nnn
269 3206 325 3264 suit
348 3206 379 3263 in
400 3225 434 3265 en
456 3207 561 3285 primis
581 3207 763 3284 temporibus
784 3206 859 3264 haec
880 3205 1039 3284 sapientia,

89 3318 126 3375 ut
146 3312 275 3373 diceret:
317 3311 440 3389 Domine
450 3311 540 3381 adsis,
561 3310 712 3388 etadjuua
724 3311 921 3370 laborantem.
965 3311 1040 3369 Nasu

90 3417 239 3495 monaehi,
273 3417 324 3493 qui
351 3420 415 3475 tum
442 3417 611 3496 principum
636 3416 749 3475 animos
771 3420 931 3495 ceperant.
965 3413 1039 3481 nibil

90 3524 152 3587 tale
173 3523 280 3584 decere
301 3523 449 3599 poterant.
489 3521 651 3599 Postquam
679 3524 778 3579 autem
799 3538 835 3579 ex
855 3521 921 3589 bae,
935 3526 1040 3581 nestra

91 3630 229 3693 doctrina
246 3628 360 3695 didicit,
379 3626 586 3705 magistratum
607 3626 754 3687 divinitus
769 3641 836 3685 asae
856 3624 1042 3699 institutum,
