2190 4064
22 3580 30 3613 Ι

104 78 166 175 roo
315 176 329 191 ,
473 91 690 195 Ensrrstis
721 186 724 191 ¹

103 258 392 345 igttnr‘onitltuoo,
422 263 503 340 quod
523 272 736 345 componuntur
759 274 879 342 terres,
915 288 990 349 qna
1007 286 1048 335 ros

104 370 191 433 slduo
207 373 319 437 uretur,
341 372 372 426 et
392 368 422 427 in
437 387 496 446 qun
510 368 678 449 longissimi
694 371 853 434 ducuntur
868 374 954 447 snlcl,
972 378 1046 453 qud

105 493 164 535 non
185 477 225 534 sit
246 473 340 544 Deus,
363 472 443 549 qnod
463 478 517 532 ent
541 475 674 553 ipsorum
694 476 915 551 columitatem,
937 484 990 540 snt
1005 482 1047 539 bo·

105 582 194 642 stium
217 579 301 637 verbi
321 578 503 656 impietatem
524 579 705 658 etinjnstnm
726 582 943 645 crudelitatem
952 584 1048 645 ntus

106 687 263 767 Significat
283 684 379 763 igitur»
395 700 470 760 opus
491 701 558 742 esse
576 666 701 746 iocerne
720 678 881 765 potientis,
898 708 982 768 quse
999 708 1047 751 nor

104 795 194 854 nnius
215 792 288 861 diei,
317 806 375 848 non
396 788 466 845 unni
489 788 591 860 nnius,
618 789 673 849 ssd
693 793 785 852 totius
808 794 1048 881 vitsersrpstrr

105 901 159 971 sit,
190 903 226 957 ut
246 897 309 967 isti,
344 894 394 969 qui
415 893 526 953 hebent
545 896 683 965 verbum,
711 916 820 957 ¹secum
842 900 886 971 its
916 896 1047 969 stutusnt,

106 1024 140 1068 se
160 1006 198 1064 ab
226 1021 261 1062 eo
282 1021 340 1062 non
363 997 564 1071 discessuros,
599 1002 663 1061 etsi.
677 1001 758 1062 mille
780 1004 870 1063 rnnis
891 1004 997 1065 eedem
1014 1004 1046 1065 ir·

104 1108 199 1173 rende
220 1113 251 1168 et
267 1105 409 1187 potiendo
424 1110 534 1164 essent.
575 1106 707 1203 vgdimus
719 1112 825 1168 nostru
836 1114 952 1183 seinte,
971 1127 1046 1189 qm

105 1214 191 1276 multi
211 1212 388 1282 defecerint,
409 1229 477 1270 cum
505 1212 730 1289 persecutione,
757 1216 905 1291 tunquam
927 1215 991 1276 sole
1008 1232 1046 1275 or·

106 1321 238 1383 slccsnto
259 1322 389 1397 segetem
412 1316 441 1374 in
463 1318 573 1395 petris,
601 1316 718 1376 fructus
738 1318 821 1378 verbi
843 1319 1045 1399 impediretur:
1080 1364 1089 1385 ,

102 1444 197 1506 saepe
217 1422 336 1489 tandem
358 1423 447 1482 etiem
469 1422 487 1478 ii
508 1421 634 1491 cedunt,
667 1423 719 1497 qui
748 1426 849 1480 tomen
872 1423 1045 1501 sliqnnmdir
1087 1388 1089 1469 l

103 1532 262 1601 steterunt
1086 1472 1090 1577 l

186 1636 269 1715 Ergo
305 1632 478 1692 discendum
512 1637 572 1703 est,
604 1633 778 1712 patientiam
814 1629 1046 1703 christianorum,
1087 1606 1090 1629 Ι

105 1743 185 1803 sicot
204 1740 260 1799 hoc
281 1755 370 1797 versu
391 1735 584 1809 describitur,
607 1756 670 1796 enm
692 1754 766 1807 csse,
788 1752 867 1813 quse
887 1740 998 1815 purete
1014 1736 1047 1797 or

104 1846 250 1928 praebere
272 1842 392 1902 dorsum
414 1844 581 1902 oratoribus
602 1846 633 1903 et
660 1842 724 1920 peti
746 1858 805 1900 non
826 1840 869 1899 sd
888 1859 984 1902 unum
1002 1845 1046 1901 su

105 1952 233 2012 ultorum
256 1948 342 2018 diem,
365 1944 418 2006 sod
438 1966 493 2027 per
515 1964 628 2006 omnum
648 1948 748 2006 situm.
791 1945 960 2025 comparet
979 1948 1045 2008 enim
1088 2006 1091 2039 Ι

58 2044 65 2049 ’
105 2054 280 2117 afflictiones
312 2050 442 2131 prolixae
473 2052 600 2111 arationi
631 2052 660 2109 in
690 2050 777 2109 dorso
805 2050 942 2128 piorum,
978 2054 1046 2115 sient
1087 2044 1091 2143 l

97 2160 245 2259 'Christus
276 2156 354 2216 idem
375 2155 529 2234 significat,
558 2170 624 2214 cnm
647 2154 733 2214 dicit:
775 2154 856 2227 „itui
882 2174 1047 2236 permen.
1089 2188 1091 2201 .

105 2264 210 2326 serit'
202 2283 232 2322 rn
254 2262 357 2333 finem,
387 2260 488 2320 solvus
510 2263 595 2320 erit.“
637 2260 740 2337 Neque
772 2260 859 2319 enim
880 2262 1019 2324 sufficit
1010 2281 1046 2321 rn-
1088 2204 1092 2307 l

106 2371 224 2448 cipere,
252 2387 319 2426 nom
342 2386 406 2426 eum
433 2360 622 2446 pltientiem‚
655 2382 732 2440 quse
746 2366 844 2424 cortis
873 2365 985 2429 finibus
1004 2367 1047 2427 do-
1087 2312 1092 2479 ἑ

105 2477 220 2556 scripto
234 2478 287 2544 est,
307 2475 394 2531 etium
418 2474 496 2531 inter
516 2470 650 2550 gentes'
642 2469 781 2541 iuvenies,
804 2469 858 2528 sod
879 2471 1048 2535 christino·
1089 2452 1092 2543 l

104 2599 172 2643 rum
192 2578 337 2658 patientie
358 2554 481 2637 esterno
501 2579 548 2636 est
563 2571 634 2650 Η),
662 2573 718 2633 hoc
739 2577 800 2645 est,
830 2575 981 2653 ejusmodi
1000 2581 1047 2649 ost

105 2692 141 2760 ut
162 2684 275 2744 infinite
303 2699 369 2741 esse
390 2681 555 2751 videatur,
572 2677 716 2755 siquidem
737 2676 804 2737 finis
826 2679 894 2757 ejus
921 2700 984 2742 non
1002 2700 1047 2762 sp·

105 2794 211 2871 peret,
244 2790 322 2848 siout
343 2790 465 2845 econtra
487 2785 553 2844 linis
582 2783 699 2842 divinoe
726 2783 937 2846 consolationis
966 2789 1046 2849 son

107 2893 208 2953 nullus
235 2895 377 2971 eppsret,
407 2894 442 2948 ut
462 2891 506 2949 sic
533 2887 768 2966 conjunguntur,
804 2906 883 2965 quse
913 2875 1047 2954 sidentur

105 2998 228 3058 monime
256 3013 322 3055 osse
350 2995 513 3064 contraris,
544 3010 661 3071 nempe,
688 2991 881 3072 prolongatio
902 2994 1046 3057 sulcoru-

105 3104 137 3162 in
157 3105 242 3179 tergo
262 3099 393 3179 piorum,
415 3104 446 3158 et
467 3098 590 3159 victorin
610 3099 727 3177 piorum
747 3098 917 3159 canentium
938 3099 1047 3170 dodi»,

106 3207 157 3284 qui
179 3207 312 3264 aratrum
334 3202 460 3262 ducunt:
502 3203 584 3274 „Non
605 3205 795 3282 potnerunt“

188 3309 283 3369 Porro
316 3308 390 3367 hoec
421 3306 606 3386 prolongatio
635 3306 784 3379 sulcorum
822 3304 952 3367 includit
979 3304 1047 3368 illud

34 3418 39 3423 ’
108 3413 288 3485 scandulum,
310 3414 388 3489 quod
402 3411 483 3470 nulls
498 3410 643 3489 supientia
662 3409 790 3470 carnalis
802 3415 905 3489 potest
926 3412 1047 3479 rinosrr,

105 3556 335 3579 W?

179 3619 229 3681 lsi
248 3614 388 3671 l’stieotio
403 3617 627 3670 christianorum.
