2190 4064
778 136 791 173 x
910 110 914 121 ,

360 209 406 301 ln.
422 207 558 305 runa
580 207 691 302 (irad
928 218 991 281 ul

42 362 150 424 dicare
178 378 232 423 sea
258 364 435 431 concionari.
477 362 519 425 m
543 364 669 427 rerbum
696 348 994 429 miscendumst

43 460 205 543 pulchram
224 461 437 541 etymologiam.
478 462 552 521 Nam
573 461 711 523 doctores
738 465 809 521 sunt
836 464 922 538 quast
948 467 994 525 to·

47 564 113 622 ates
133 557 245 639 populo
265 562 308 618 rei
329 563 479 640 cognitae,
509 579 586 637 quae
607 578 665 620 uon
685 560 804 620 ridetur
826 579 882 620 nec
902 565 994 623 acuti·

45 665 117 731 mr,
145 658 199 719 sed
219 661 336 719 tactum
356 660 497 719 creditur.
539 658 654 721 Deinde
675 662 769 719 testes
798 659 888 719 etiam
914 666 992 736 aunt,

46 760 99 837 qul
121 757 251 819 audiunt
277 760 414 829 verbum,
441 777 510 818 nam
531 757 600 817 dum
629 758 768 830 audiunt,
796 759 993 823 testificantur

46 863 154 919 eontra
181 854 332 917 diabolum
358 866 389 917 et
415 875 539 936 regnum
565 855 683 927 mundi,
712 862 816 918 contra
835 865 992 939 peccatum
1026 900 1029 907 ·

47 959 236 1033 aimericus,
264 956 371 1015 deinde
391 958 480 1015 etiam
500 958 604 1015 contra
625 955 797 1028 seditiosos,
829 957 994 1033 adulteros,

10 1091 17 1124 :
46 1054 227 1125 homicidas,
249 1054 357 1113 fratrea
377 1055 469 1115 falsos
491 1058 548 1114 etc
570 1072 625 1133 pro
646 1054 718 1126 Deo,
737 1074 792 1134 pro
813 1056 908 1134 gloria
926 1058 991 1133 Dei,

10 1229 15 1244 .
46 1170 104 1235 pro
126 1172 219 1232 regno
241 1152 312 1225 Ilei,
340 1172 394 1232 pro
414 1172 506 1233 pace,
528 1152 709 1225 obedientia,
736 1155 888 1229 castitate,
915 1160 992 1219 cari·

44 1251 294 1333 rametenses
316 1254 392 1312 enim
413 1259 459 1312 cst
479 1253 641 1313 invisibilis.
683 1252 761 1311 Dum
788 1255 880 1332 igitur
907 1257 991 1317 audi·

14 1360 17 1366 “
45 1356 154 1423 untur,
176 1353 227 1427 qui
249 1351 369 1424 docent,
396 1352 479 1412 Dens
498 1351 627 1412 auditur.
669 1352 771 1428 Neque
794 1356 869 1413 eu'mr
891 1361 992 1435 potest

10 1464 18 1499 ·'
45 1452 145 1512 audiri
167 1452 222 1511 nisi
244 1470 299 1529 per
321 1455 421 1522 testea,
442 1456 473 1511 et
493 1453 571 1511 sicut
591 1450 703 1511 Paulus
716 1451 856 1530 appellat,
877 1454 990 1534 legatos

10 1538 18 1659 tF
44 1570 135 1623 auos,
161 1552 206 1611 sic
227 1552 304 1609 enim
325 1551 411 1611 dicit:
442 1550 622 1628 „Legatione
643 1549 699 1608 Dei
720 1551 898 1628 fungimur.“
939 1555 991 1615 Sic

10 1664 14 1696 '=
43 1670 111 1723 res,
141 1650 180 1709 de
200 1668 260 1726 qua
287 1652 317 1707 in
337 1649 462 1709 ecclesia
483 1649 628 1718 docentur
652 1650 800 1721 homiues,
828 1653 915 1711 etiam
943 1656 991 1713 est
1063 1674 1066 1679 ·

10 1700 16 1809 ι
44 1751 201 1827 invisibilis
232 1752 397 1818 etruscus,
419 1766 488 1826 ergo
510 1745 572 1805 solo
593 1749 758 1807 testimonio
779 1751 862 1808 verbi
883 1768 991 1829 appre-

10 1850 24 1933 ξ·
43 1850 196 1913 lrcndltnr.
226 1850 278 1908 Sic
298 1852 392 1908 totum
414 1845 585 1924 evangelion
602 1850 648 1906 est
668 1849 874 1920 testimonium,
896 1849 990 1927 loqui·

10 1943 14 2018 ,¹
45 1954 97 2011 tur
110 1950 149 2009 de
163 1967 293 2029 persona
310 1952 340 2008 et
349 1948 439 2005 rebus
451 1946 631 2018 absentibus,
648 1951 677 2005 ct
692 1951 738 2007 cst
752 1946 821 2006 fidei
833 1949 989 2027 praedica·

45 2050 98 2119 tto.
127 2046 212 2109 llaec
229 2052 354 2127 propter
367 2046 502 2105 rudiores
516 2045 581 2107 dico
595 2046 632 2105 de
645 2046 787 2105 vocabulo
802 2047 988 2109 testificandi
1043 2036 1050 2056 ⁶

10 2180 12 2190 =
83 2190 88 2209 .-
128 2144 308 2227 iincipitur
337 2150 398 2217 est,
427 2146 504 2221 qrrod
533 2145 629 2204 David
649 2146 794 2223 gloriatur
814 2165 897 2207 suam
917 2147 990 2211 Hie·

45 2244 178 2309 malem
206 2248 237 2305 ln
256 2246 321 2312 ⁴lroc
348 2243 531 2303 aedificatam
560 2262 642 2314 esse,
671 2249 705 2304 ut
731 2244 922 2324 praedicetur
948 2247 989 2308 ibl

10 2360 19 2425 ,ζ
44 2348 169 2409 terbum
188 2344 274 2415 fidei,
302 2348 337 2403 ut
358 2343 520 2403 doccantur
540 2342 670 2403 homines
696 2343 733 2403 de
753 2344 904 2404 noluntate
923 2345 989 2420 Dei,

10 2422 13 2436 ’
44 2448 81 2505 nt
98 2444 204 2515 actam,
226 2443 299 2519 qnid
318 2443 400 2502 Dens
421 2445 531 2522 cogitet
551 2442 650 2501 iecere
665 2461 731 2501 cum
753 2443 823 2514 suis,
838 2444 987 2519 -qnomodo
1016 2461 1023 2473 ⁸

43 2544 176 2605 minetur
201 2543 457 2623 impoenitentibus
487 2541 592 2618 impiis.
631 2539 720 2601 Hanc
738 2541 988 2621 praedicationem

19 2646 135 2717 ,rous
157 2642 355 2703 testimonium
376 2640 513 2710 israelis,
534 2638 591 2698 hoc
611 2643 672 2710 est,
699 2639 759 2699 tale
779 2642 987 2715 testimonium,

45 2742 130 2821 qnod
157 2740 342 2821 praedicitur
371 2739 479 2819 populo
509 2738 670 2799 israelitico
704 2728 774 2800 istic
798 2734 986 2821 congregato.

10 2896 12 2906 .
43 2838 210 2922 lllstingnit
238 2841 315 2899 enim
341 2840 420 2899 hunc
447 2838 590 2918 populum
618 2840 654 2898 ab
677 2841 809 2901 omnibus
830 2840 896 2900 aliis
915 2860 988 2921 gen·
1039 2868 1043 2876 ·

45 2942 143 3020 tilius,
181 2940 260 3005 sicut
290 2940 322 2997 in
349 2938 405 3003 alio
435 2938 565 3016 psalmo,
600 2926 652 2997 nbi
682 2937 768 2999 dicit:
802 2939 885 3012 „Non
915 2939 988 3001 lecit

45 3024 148 3101 muter
181 3040 271 3099 omni
294 3038 431 3097 nationi.“
479 3037 560 3117 Ergo
587 3056 641 3097 nos
668 3055 785 3115 quoqne
812 3037 870 3097 lnoc
896 3038 986 3099 bene-

44 3136 144 3199 tum
169 3155 344 3217 agnoscere,
381 3139 412 3195 et
437 3138 541 3195 summi
569 3139 635 3197 boni
663 3135 727 3197 loco
761 3136 871 3197 habere
897 3135 986 3198 debe-

44 3256 130 3311 mus,
164 3236 246 3315 quod
280 3237 312 3295 in
348 3239 451 3295 nostre
486 3236 699 3319 Vulttenberfla
736 3240 766 3295 et
802 3234 867 3295 aliis
903 3222 984 3311 locis,

45 3338 209 3399 aientium
239 3336 270 3395 in
289 3334 490 3405 Hierusalem,
519 3335 643 3394 docetur
674 3335 795 3393 verbum
818 3332 874 3393 llei
900 3352 984 3413 pure,

45 3436 129 3515 qnod
149 3434 316 3497 audiuntur
333 3434 542 3513 promissiones
562 3432 626 3505 Ilei,
648 3451 770 3508 quarum
792 3450 846 3512 spa
867 3437 897 3492 et
910 3431 985 3491 lidu-

43 3536 91 3596 cia
120 3536 258 3595 nituntur
284 3534 335 3612 pii,
362 3534 432 3592 item
460 3533 570 3603 minse,
601 3533 707 3607 quibus
735 3533 815 3611 impii
843 3535 984 3591 vocentur

42 3634 84 3697 nd
103 3634 331 3715 poenitentiam,
359 3632 401 3711 pii
423 3634 521 3691 antem
547 3633 710 3691 retinentur
736 3631 767 3689 in
795 3634 899 3691 timore
928 3628 985 3687 Dei

67 3748 164 3793 hiberi
179 3746 221 3802 ⁰9.
235 3752 321 3800 ungat.
336 3744 388 3788 Vnt
400 3743 461 3786 Xlx.
686 3749 729 3811 m
