2190 4064
70 130 114 217 lii
396 126 669 225 “diuinatio
696 126 703 145 '
762 188 766 197 .
805 194 820 233 f.
889 122 893 131 ³

93 226 99 259 s
800 240 803 245 ,
896 236 900 242 .

69 264 174 344 tuma
194 280 537 359 conntituisti'nlarltum',
558 280 839 367 adjumtgltuinre,
853 280 1011 353 antelmii

69 388 141 448 mint
153 388 312 469 'mgendns
341 391 402 450 erit
420 410 542 465 currus,
580 393 622 452 ita
643 394 839 472 immergetur
856 394 891 453 'in
903 390 1010 467 ‘lutum

69 497 104 553 nt
124 491 193 557 indo
215 499 345 571 nequeat
364 497 479 556 retrahi
498 494 556 558 etc}
597 497 671 557 Item
698 502 821 589 monet,¹
835 516 876 559 na
895 517 1011 579 praeau-
1042 513 1045 517 ·

68 617 183 657 mamus
207 598 244 659 de
265 606 375 658 nostra·
388 602 534 679 sapientia
542 616 554 670 ,‘
578 588 735 681 potentia,'
750 586 965 665 munitionibus
982 610 1011 665 ot

65 705 183 784 opibus.
226 705 336 764 Plenae
357 713 428 766 aurit
449 725 549 766 omnes
564 706 705 766 historiae
720 707 933 787 exemplorum,
952 714 1010 769 tun

66 813 169 868 nostra
192 809 569 888 experientia-numidiam
589 810 666 870 idem
687 816 833 883 testatur,
861 832 1010 892 praesum·

10 948 14 967 ι
39 973 42 979 ,
63 912 177 971 tionem
198 931 264 972 ease
284 914 447 985 infelicem,
483 919 514 974 et
539 893 640 974 tamen
660 915 789 975 mundus
810 922 915 977 manet
932 936 1011 977 muu-

66 1016 122 1077 dus
135 1017 308 1078 neecredit.
351 1017 606 1099 dunosolispiis
621 1004 837 1098 haectorosunt
882 1020 1010 1082 manco·

63 1122 175 1194 antem,
191 1123 344 1199 siquidem
366 1124 471 1183 andire
491 1128 650 1204 ct·parere
670 1143 729 1191 nou
750 1125 822 1197 vult,
844 1146 919 1187 saue
933 1125 1010 1186 colli-

66 1211 172 1307 datur,
201 1229 272 1287 dnm
294 1231 460 1308 experitur,
488 1248 522 1289 ae
541 1229 655 1289 frustm
674 1229 814 1314 vigilare,
833 1232 952 1290 trustra
970 1228 1010 1289 la·

63 1335 186 1405 horare,
222 1352 258 1393 ac
274 1335 393 1393 'conteri
412 1336 448 1391 ln·
463 1333 636 1394 laboribus·
667 1335 776 1406 Recte,
804 1335 906 1411 juste,
933 1335 1008 1412 juro,

60 1440 134 1517 'quia
153 1440 202 1498 hic
224 1441 270 1498 e'st
291 1440 454 1517 scriptume
490 1439 572 1511 „Nisi
593 1440 763 1511 dominus“,
797 1439 839 1498 id·
856 1440 1007 1517 abjiciunt

59 1543 144 1604 {leus
165 1545 258 1624 igitur¹
280 1530 445 1603 custodiam
468 1549 499 1604 et
529 1545 762 1606 aedificationem
782 1545 917 1624 ipsorum
940 1564 1009 1622 quo·

57 1660 121 1727 ⁴que
142 1650 261 1729 abjicit,
283 1650 326 1710 sic
346 1636 464 1709 tantum
484 1654 618 1710 remanet
638 1650 795 1723 ,‚irustra“.

60 1838 127 1898 ill..
149 1839 290 1897 Vanum
319 1843 380 1897 est
410 1838 522 1896 vobis
552 1837 801 1944 ante-lucem
832 1796 1008 1918 surgere

59 1944 214 2022 surgite
236 1945 444 2020 postquam
467 1940 684 2014 sederitis,
713 1945 777 2020 qui
798 1944 1007 2007 manduca·

266 2072 270 2097 l
331 2047 386 2103 tis
407 2063 548 2123 penem
571 2045 732 2106 doloris.

76 2184 79 2189 “
139 2176 315 2255 Opportune
330 2172 462 2242 'accidit,
490 2176 540 2243 ut,
563 2175 810 2247 quemadmodum
832 2195 899 2251 res,
929 2197 1005 2254 quae

56 2285 88 2342 in
108 2282 165 2342 hoc
185 2280 300 2361 psalmo
322 2279 455 2350 docetur,
476 2278 519 2337 ita
539 2297 657 2356 quoque
678 2282 774 2358 reraio
794 2282 903 2360 psalmi
925 2291 1007 2346 esset

56 2386 275 2454 obscurissima.
318 2386 421 2462 Neque
443 2385 519 2456 enim
543 2385 624 2462 digni
642 2385 764 2445 fuerunt
783 2389 932 2467 papistae,
955 2394 1005 2468 qin'

56 2494 232 2554 sententiam
255 2493 330 2552 bene
352 2491 499 2550 redditam
520 2490 680 2562 haberent,
702 2510 770 2551 cum
791 2496 853 2552 tam
876 2493 966 2574 longe
986 2513 1004 2557 a

54 2618 89 2657 ra
110 2601 257 2659 abessent.
302 2598 404 2664 Quare
426 2599 469 2657 sic
490 2602 588 2657 verte:
610 2595 737 2655 Frustra
757 2601 804 2656 est
827 2600 911 2659 vobis
932 2605 1004 2661 aute

52 2703 151 2764 lucem
168 2723 304 2783 surgere,
327 2720 393 2762 sero
415 2704 546 2761 cubitum
568 2703 620 2772 ire,
647 2704 676 2760 et
697 2720 803 2780 magno
825 2701 930 2762 labore
949 2723 1004 2784 pa·

53 2827 121 2870 rare
141 2812 262 2871 victum.
304 2806 371 2866 Hoc
392 2808 467 2865 eninr
482 2807 628 2886 significat
648 2807 744 2885 panis.
785 2807 889 2868 Hiero.
911 2813 1003 2872 vertit

54 2931 164 3003 panem
185 2912 348 2981 idolorum,
370 2909 426 2970 sed
445 2911 516 2969 nihil
536 2911 619 2969 aliud
641 2915 701 2982 est,
732 2931 820 2988 quarn
844 2915 926 2990 quod
946 2935 1001 2976 nos

52 3024 156 3079 nostra
183 3019 288 3097 lingua
322 3018 461 3076 dicimus:
503 3015 546 3074 lin
566 3015 657 3076 lassis
685 3018 743 3074 ihm
774 3035 846 3077 seur
865 3020 1000 3080 werden.

52 3123 182 3189 Hebraei
203 3127 431 3200 iocant'panem
447 3120 613 3180 afflictionis
635 3140 689 3180 seu
709 3121 830 3182 doloris.
872 3126 1002 3186 Senten-

50 3232 95 3292 tia
116 3231 207 3310 igitur
229 3229 302 3288 haec
325 3232 384 3299 est,
412 3224 493 3303 quod
514 3230 572 3284 tam
595 3227 624 3284 in
647 3229 816 3287 oeconomia
836 3249 926 3306 quam
947 3249 1002 3310 po·

50 3320 243 3406 tiliacum,
276 3334 389 3402 studia,
419 3331 531 3391 assidui
559 3331 676 3392 labores
698 3335 811 3394 trustra
832 3335 909 3407 sint,
941 3339 1001 3398 nisi

50 3443 265 3507 benedicantur
287 3458 423 3516 superne.
475 3436 575 3497 Voluit
602 3439 679 3496 enim
707 3441 829 3498 nimium
857 3446 1001 3502 'conatum

43 3544 82 3610 'et
103 3542 365 3619 laborem‚'curam
386 3548 416 3601 ot
438 3543 664 3629 sollicitudinem
686 3545 805 3604 nimiam
826 3548 871 3606 his
892 3530 1000 3627 figuris

52 3654 236 3737 significare,
257 3626 491 3725 manteurgcrc,
504 3632 543 3707 'ot
564 3646 615 3709 diu
631 3649 749 3722 sedere,
771 3650 830 3711 hoc
849 3657 910 3726 ost,
931 3650 1001 3715 ram
