2190 4064
75 254 136 313 252
351 262 355 277 ¹
411 252 713 329 Praeleotioues

72 409 109 466 ut
127 408 246 465 mmeat
262 403 422 465 concordia
440 407 519 466 inter
545 407 698 478 doctores,
727 407 838 467 deiude
857 411 894 467 ut
910 406 990 489 poli&

73 518 190 582 quoque
211 508 242 563 et
261 504 364 575 omna,
385 524 462 581 quae
482 506 521 565 ad
542 526 606 566 eam
625 508 783 587 pertinent,
804 512 889 567 recte

71 609 190 665 nentur.
233 604 330 668 Quam
351 610 449 664 auum
470 608 636 666 necessaria
656 608 728 665 haec
747 608 844 665 dratin
858 610 906 679 sit,
923 598 988 687 donst

72 703 243 782 quotidiana
282 706 469 783 experientia.
524 706 579 765 Ubi
616 708 692 765 enim
727 706 815 765 haec·
837 706 897 765 duo
930 708 987 775 sut,

71 823 178 883 nempe
198 822 255 883 pax
275 804 396 882 politica
411 810 442 864 et
463 806 603 865 ecclesiae
625 804 790 874 concordia,
812 806 854 867 lbi
875 805 987 875 nihilest

71 903 152 982 quod
172 904 267 982 possit
288 904 398 979 requiri
419 905 554 982 emplius.
596 904 664 963 ldeo
692 904 828 963 diabolus
858 886 935 965 tauto
955 920 988 963 ot·

70 1008 151 1062 natu·
178 1022 212 1062 se
231 994 394 1082 ,opponits
414 1007 449 1062 ut
477 1005 554 1063 hauc
580 1021 685 1083 pacem
711 1004 865 1079 utrimque
900 1004 987 1065 sule

70 1102 151 1163 Hinc
170 1108 272 1162 tentus
292 1103 324 1160 in
349 1105 406 1162 isto
426 1103 537 1182 pupulo
558 1102 889 1183 pseudoprophetarum
913 1120 989 1163 nume·

69 1221 123 1262 rus
157 1203 229 1273 tuit,
263 1207 302 1261 'et
338 1206 421 1261 tanta
455 1221 572 1282 semper
606 1202 812 1261 seditiosorum
846 1200 989 1271 multitude.

70 1303 149 1361 sicut
174 1304 324 1383 testentur
349 1302 497 1361 historiae.
546 1302 649 1377 ltaque
677 1320 734 1360 usu
764 1301 890 1361 edoctus
917 1296 991 1361 nani

69 1401 144 1463 haee
163 1401 222 1459 dno
244 1406 323 1473 orat,
345 1401 407 1460 sine
428 1402 536 1477 quibus
554 1401 682 1462 mundus
703 1419 774 1461 vere
795 1400 992 1461 desertum'ut

70 1506 101 1562 at
122 1502 230 1562 sterilis
252 1520 368 1561 arena.-

152 1601 186 1660 ln
206 1601 338 1682 proximo
359 1605 405 1660 est
427 1599 589 1680 exemplum
610 1617 711 1659 eorum
739 1603 923 1679 temporum,
944 1582 1015 1675 φ’.

69 1703 127 1762 hus
148 1703 205 1762 sub
225 1720 306 1780 papa
326 1707 394 1760 ante
414 1702 492 1760 hanc
511 1701 607 1758 lucem
629 1699 772 1776 euangelii
793 1700 925 1759 viximus.
959 1696 1015 1783 tu·

70 1821 138 1861 eum
157 1802 240 1860 verbi
261 1819 333 1859 sana
354 1800 488 1859 doctrina
509 1800 632 1868 deesset,
655 1799 726 1875 quid
744 1802 910 1878 potuerunt
922 1814 994 1875 quse·

69 1919 103 1960 so
124 1903 278 1978 praestare
298 1918 397 1959 omnes
417 1900 561 1979 theologi,
581 1899 730 1970 monachi,
752 1898 936 1970 secerdotes,
958 1896 994 1977 'p

68 1997 247 2066 reconsulti‚
282 1998 407 2056 medicii
440 1998 535 2061 (luem
566 2016 685 2058 versum
717 1998 747 2056 in
774 1980 838 2059 toto
869 1994 993 2079 paunus

68 2100 151 2156 recte
172 2095 399 2154 intellexeruntt
427 2096 529 2172 ltaque
549 2098 660 2157 factum
681 2101 740 2169 est,
772 2102 865 2157 utne
893 2096 993 2175 quida

69 2195 232 2255 manifestis
253 2197 452 2275 impietatibus
474 2200 503 2256 et
523 2196 696 2256 idololatriis
717 2199 872 2276 potuerint
891 2198 994 2260 resiste·

6 2282 9 2287 ⁴
41 2362 44 2367 ,
67 2315 117 2369 re,
139 2295 241 2373 quales
261 2297 345 2355 tuere
365 2297 396 2354 in
415 2296 487 2356 locis
514 2298 798 2374 peregrinationum,
826 2300 879 2358 ubi
905 2296 1015 2377 pelptg

68 2396 139 2457 bilia
173 2402 304 2457 monstra
337 2401 368 2456 et
398 2396 568 2454 manifestas
596 2416 691 2474 uirgas
721 2400 940 2476 approbarunt,
967 2396 993 2453 et

67 2502 230 2576 coegerunt
263 2498 385 2577 vulgus,
419 2501 454 2556 ut
488 2495 646 2555 adorarent
682 2515 740 2556 eas.
791 2498 825 2555 Si
855 2498 920 2575 quis
943 2510 991 2555 uus

68 2599 158 2657 verbo
179 2597 408 2669 contradiceret,
430 2615 448 2656 a
468 2596 616 2656 monachis
636 2597 878 2676 proplamelsatur
901 2598 991 2657 haere

69 2698 155 2757 licus.
197 2697 279 2759 Adeo
309 2716 410 2755 verum
431 2703 492 2768 est,
522 2696 600 2773 quod
626 2696 732 2754 amisso
762 2698 851 2757 verbo
879 2694 990 2757 nerlu

68 2802 148 2856 totus
167 2796 197 2854 in
211 2795 390 2854 densissimis
405 2798 533 2856 tenebris
552 2813 711 2875 oppressus
722 2794 811 2871 jacet,
833 2792 992 2875 necpotesl

12 2888 16 2894 ⁴
67 2896 149 2955 uliud
170 2913 258 2972 quam
278 2894 372 2952 abuti
389 2893 472 2951 donis
500 2895 563 2954 Dei.
604 2895 742 2974 Magnum
771 2895 921 2973 ingenium
946 2892 994 2953 tuit

66 2994 98 3051 in
118 2997 216 3064 Scoto,
237 2993 353 3051 Thomu
374 2998 404 3052 et
424 2992 497 3064 uliis,
520 2995 571 3052 sed
592 3013 630 3052 an
652 3012 709 3053 nou
727 2993 850 3053 eodone
865 2996 994 3057 intutu!

67 3092 152 3150 abusi
174 3091 302 3151 suntad
322 3092 522 3170 impietatemi
544 3094 595 3150 Sic
611 3092 808 3171 jureconsulti
829 3095 915 3155 abusi
934 3094 996 3161 suut

66 3191 192 3269 egregio,
206 3190 282 3250 dono
301 3190 400 3269 legum
420 3190 604 3269 politicarum
626 3193 663 3250 ad
684 3192 999 3271 cupiditates‘suas.et

67 3294 245 3349 contemtum
267 3291 415 3349 creatoris.
459 3290 508 3348 Sic
528 3291 632 3349 medici
653 3292 731 3351 inter
750 3291 881 3367 reliquos
896 3295 998 3374 pietus

65 3395 126 3449 tem
155 3388 216 3446 tere
243 3388 401 3467 plurimum
430 3393 662 3459 contemserunt,
706 3396 735 3451 et
765 3391 905 3453 admirati
935 3392 1001 3453 suut

66 3490 131 3549 illas
153 3470 258 3547 suares
278 3486 399 3564 Epicuri
422 3488 585 3566 opiniones:
610 3489 687 3559 Ede,
707 3491 790 3561 bibe,
818 3490 909 3565 lude,
936 3492 1002 3571 post

66 3593 188 3649 mortem
210 3585 292 3645 nulla
312 3585 456 3663 voluptas.
500 3587 549 3645 Sic
572 3607 691 3651 necesse
718 3589 789 3658 tuit,
819 3591 884 3649 sine
914 3592 1002 3651 verbo

66 3689 181 3775 prolabi
208 3686 338 3749 homines
365 3689 418 3745 aut
436 3684 489 3745 'ad
517 3686 698 3747 nanifestam
725 3690 910 3769 impietatem
938 3710 1005 3755 cun

198 3998 262 4010 ..a
430 3966 461 4010 A
581 3996 592 4010 .
