2190 4064
114 136 118 146 .
181 50 191 77 ‘
283 74 297 135 Γ
371 46 731 187 νἠιωῑοκι-Χ.ῄ’
953 99 1013 163 oon

64 251 199 329 neoterio
227 254 326 311 temen
358 256 389 310 et
420 250 480 309 tois
512 249 583 309 otiis·
612 249 754 328 operibns
785 265 844 309 oon
876 249 1016 321 iuvenies,
1072 248 1075 255 '

64 357 146 437 picot
166 357 240 435 sutis
266 357 376 434 probet
388 356 594 424 conscientie,
624 347 701 431 quoe
722 355 814 417 sentit
833 354 1016 435 desperatio·

65 480 134 539 uem
165 462 255 521 etium
282 462 312 518 io
340 458 528 525 sanctissimo
551 465 582 518 et
610 459 770 519 durissimo
795 461 867 519 vito.
907 460 940 519 tn
960 462 1017 521 hoc

64 572 169 635 eutem
202 584 262 625 uno
297 565 460 640 acquiescit
488 546 688 636 conscientie,
722 564 801 640 quod
833 564 1016 642 simpliciter,

64 674 132 735 sine
161 671 224 732 uilo
245 671 447 741 additamento
476 668 616 746 propriso
637 668 811 752 dimittitis,
844 668 1015 740 nudissimt,

64 770 102 849 ut
131 778 175 836 sic
197 776 307 847 dicum,
336 773 517 831 nudissimoe
531 768 757 833 'misericordiae
777 773 832 835 Det
854 791 910 853 per
931 774 1018 833 cori·
1050 775 1052 780 ’

65 887 149 943 stum
172 900 205 941 se
227 879 398 948 committit,
431 883 461 939 st
483 877 571 936 dicit:
613 876 637 936 0
660 877 791 949 domine,
818 879 912 938 habeo
933 883 1016 939 tuem

64 985 311 1066 promissionem,
344 983 423 1059 quod
453 1001 488 1040 en
516 970 806 1057 sotomisericordiu
832 985 872 1044 sit
889 983 1015 1061 justitie,

66 1110 148 1168 quse
166 1089 285 1167 justitio
309 1088 382 1147 nihii
402 1087 482 1145 uliud
497 1064 566 1158 'eotss
588 1105 678 1167 quum
691 1093 745 1145 tua
766 1088 964 1166 ignoscentis,
985 1089 1015 1148 id

65 1201 131 1268 est,
154 1195 233 1271 quod
255 1211 314 1251 non
334 1193 378 1250 vis
401 1194 558 1276 obsessore
579 1193 750 1268 iniquitates
772 1198 828 1253 ett.
989 1268 990 1275 ἵ

155 1296 335 1378 Commendo
364 1298 456 1375 igitur
477 1299 559 1360 vobis
581 1298 657 1357 huno
677 1297 851 1356 Donidicum
872 1286 1018 1359 delinitio·¹

65 1422 137 1462 nem
157 1402 292 1477 justitiae
314 1401 501 1471 christianae,
523 1400 603 1478 quod
624 1405 782 1463 observare
795 1397 1015 1480 peccatum²¹)

66 1512 116 1568 est
139 1507 366 1577 condemnere„
383 1516 505 1565 econtra
526 1525 584 1564 non
606 1507 764 1566 observare
792 1513 948 1587 peccatum
971 1513 1019 1570 ost

62 1611 234 1691 justificare
256 1629 310 1670 sen
326 1610 441 1688 justum
461 1611 664 1688 pronuntiare,
686 1615 716 1670 et
737 1611 817 1687 quod
833 1607 1015 1689 justitian)

66 1721 124 1788 est,
148 1715 266 1792 quondo
288 1733 345 1775 uon
368 1717 564 1775 observantur
584 1721 718 1794 peccatu.
739 1715 792 1773 sed
813 1718 1017 1794 ignoscuntur,

65 1810 278 1883 condonentur
307 1825 345 1903 et
371 1840 429 1879 non
462 1825 657 1899 reputantur,
689 1821 767 1880 sicut
796 1820 854 1880 elio
889 1822 919 1879 in
941 1822 1016 1885 ,ioco

67 1928 192 1986 beatum
214 1922 332 2008 definit,
354 1928 384 1984 ct
404 1925 517 1984 Paulus
536 1943 600 1983 eum
621 1924 819 1985 definitionem
841 1926 929 2000 vuide
948 1896 1018 2008 prdi-

66 2033 137 2112 prie
151 2031 275 2109 aliegat:
316 2031 449 2101 „Beatus
471 2033 531 2101 vir,
554 2016 600 2090 cui
624 2049 681 2089 non
704 2031 862 2110 imputavit
881 2031 1017 2095 dominus

65 2139 257 2217 peecatum.“
320 2136 383 2194 Non
411 2136 487 2195 enim
518 2135 605 2196 dicit:
646 2116 760 2213 Rectus
787 2139 847 2208 vir,
879 2141 930 2214 qui
957 2156 1016 2199 nou

65 2243 162 2301 hebet
182 2245 356 2318 peccatum,
387 2239 440 2299 sed
463 2242 509 2299 cui
531 2247 703 2320 peccatum,
732 2241 811 2317 quod
840 2242 937 2315 hebet,
954 2242 1018 2303 ‘do-

65 2349 169 2406 minus
198 2365 255 2406 uon
278 2345 457 2424 imputavit,·
481 2346 561 2405 sicut
589 2347 637 2405 hic
665 2364 784 2423 quoque
810 2346 897 2406 dicit:
940 2348 1024 2427 Com,
1072 2374 1076 2381 ·

67 2469 129 2511 non
158 2451 354 2509 observentur
374 2455 509 2528 peccatu.
550 2449 635 2521 Haeo
665 2451 833 2509 testimonio
860 2449 1018 2534 diligenter

67 2555 239 2635 colligenda
260 2559 346 2627 eunt,
370 2559 404 2613 ut
424 2554 592 2623 videamus,
622 2554 767 2629 quomodo
785 2554 860 2615 hoec
883 2555 1019 2617 doctrine

66 2663 111 2723 sit
139 2659 265 2719 tundata
294 2659 325 2716 iu
341 2659 505 2738 ¹scriptum
535 2662 653 2730 sancto,
686 2662 717 2719 et
745 2658 891 2734 quomodo
912 2658 1018 2723 ..omnio

66 2748 182 2826 fiducia
205 2764 341 2844 justitiae
363 2781 486 2842 operum
507 2770 538 2822 et
565 2763 639 2840 legis
660 2764 690 2822 id
713 2762 826 2842 judicio
848 2762 903 2823 Dei
930 2782 1018 2843 prae·

65 2872 133 2933 cisa
155 2871 205 2929 sit.
944 2930 947 2934 .

155 2975 227 3035 Nam
251 2975 314 3034 sine
330 2972 498 3033 discrimine
511 2972 660 3047 adaequat
679 2969 754 3027 hoec
770 2969 906 3031 doctrino
916 2990 1018 3035 omncs

66 3075 282 3156 homiues²³).
326 3080 358 3137 Si
374 3078 449 3164 enim
469 3081 585 3135 tuntum
598 3092 700 3134 sumno
717 3073 798 3150 justi¹
814 3076 1018 3154 imputatione,

66 3184 226 3259 sequitur,
257 3201 312 3242 nos
334 3202 391 3251 non
413 3181 507 3242 solum
537 3198 637 3241 omnes
657 3181 832 3257 peccatores
855 3201 936 3255 esse,
963 3184 1017 3243 sed

65 3289 163 3370 piene
190 3287 262 3346 nihii
282 3290 426 3347 interesse
454 3284 550 3363 quood
573 3283 668 3342 Deum
696 3283 774 3340 inter
803 3285 960 3364 conjugem
987 3293 1019 3348 et

67 3429 283 3445 -au-——n-

84 3554 93 3572 2
144 3520 195 3574 zui
213 3496 374 3570 Observare
395 3513 575 3584 iniquitatem.
629 3507 820 3576 22idustitio.
874 3511 1016 3575 ’ωυρμ

66 3617 145 3670 trino
164 3612 381 3678 justificationis
401 3611 538 3676 nduequut
558 3619 654 3656 omnes
675 3605 811 3655 homines.
