2190 4064
125 101 129 110 ·
209 152 211 157 -
246 84 293 153 r<
378 116 523 211 roslar
544 123 710 208 cxxxii,
952 135 1017 198 Μ

46 256 193 383 'buado‘
213 284 240 344 si
268 284 311 381 ita
337 281 474 364 postulat
504 262 731 362 pontiicx⁸⁴),‘
759 282 908 346 iaciuntur
945 304 1014 347 aun

57 406 137 454 saue
158 389 298 469 angeium
328 388 366 448 da
393 387 490 458 coeio,
521 389 595 464 qnid
621 402 744 469 possum
773 387 811 447 do
833 409 869 450 ao
900 393 1013 453 sentire

56 496 253 579 praectarum
274 493 389 573 magist
432 492 494 551 Sed
513 488 604 552 'atinus
628 495 653 552 si
675 487 799 572 inguina
828 497 883 567 sit,
911 501 1012 559 tamen

60 603 228 661 anathema
260 617 327 659 eum
362 616 428 657 esse
461 598 637 676 pronuntiat
667 596 799 672 Paulus,
830 619 900 662 cnm
930 604 1013 666 alind
1044 660 1046 664 ,

46 704 249 783 ·evangelion
263 703 454 782 evangelisnt.

74 818 77 822 '
147 811 201 869 Sic
220 813 325 888 pastor
347 815 393 869 est
414 806 554 868 diuinitus
574 811 695 887 pastor,
726 827 779 868 rex
800 814 847 872 est
869 811 1011 876 divinitus

57 934 124 977 rex
169 915 253 981 Haeo
274 916 318 974 sic
339 914 501 993 largiamur
521 913 653 992 pontiflci
677 932 811 993 quoque,
833 919 919 993 qnasi
936 937 1011 1015 dm

58 1020 245 1082 auctoritato
274 1019 398 1102 praesit.
449 1018 510 1076 Sed
533 1020 680 1090 conditio,
715 1019 753 1078 de
784 1038 844 1095 qua
873 1021 1027 1097 diximus„

57 1106 273 1189 necessitatem
309 1123 411 1194 affort,
445 1129 481 1182 ut
514 1125 732 1204 distinguamus
767 1125 846 1185 inter
880 1146 943 1186 rem
978 1135 1010 1190 at

56 1246 160 1291 nsum.
211 1229 286 1288 Rem
322 1245 395 1288 uoco
429 1231 639 1301 auctoritatam
679 1230 821 1303 divinam:
853 1252 918 1293 eam
951 1235 1009 1294 atsi
1035 1248 1038 1256 ’

59 1332 225 1395 concedam
257 1333 461 1413 pontificibus,
494 1339 594 1393 tamen
616 1353 703 1394 nsum
724 1353 783 1394 non
805 1335 1008 1416 concado⁸⁵)‚

60 1440 135 1516 quia
156 1456 218 1498 rem
240 1438 368 1496 divinam
389 1439 543 1498 manifeste
568 1442 693 1499 trahunt
714 1441 745 1498 in
765 1440 901 1500 abusum.
942 1444 1008 1504 Nou

59 1540 193 1634 utuntur
227 1545 406 1603 anctoritate
442 1560 498 1603 sna
532 1540 709 1603 'secundnm‘
725 1542 909 1624 voluntatem
940 1546 1017 1620 lici,v
1054 1570 1059 1579 ¹

58 1666 119 1730 pro
141 1649 236 1728 gioria
256 1649 353 1719 verbi,
382 1646 436 1707 sed
457 1664 512 1726 pro
534 1667 589 1708 sua
610 1648 714 1726 gioria.
757 1647 822 1707 Non
842 1650 934 1728 igitar
955 1655 1007 1713 ob·

57 1753 136 1833 ligat
157 1758 334 1813 nos'eorum
354 1754 534 1825 auctoritas,
564 1753 679 1839 etiamsi
702 1755 755 1825 sit,
780 1757 819 1813 ut
841 1752 921 1826 dixi‚'
935 1775 1007 1817 auc·

57 1861 168 1920 toritas
196 1858 292 1938 angeli
325 1859 362 1917 de
392 1858 499 1928 coelis,
542 1856 597 1916 sed
621 1875 689 1915 cum
717 1859 795 1917 bona
824 1861 1006 1946 conscientia

57 1965 243 2030 discedimus
272 1966 309 2023 ab
338 1965 396 2036 eis,
430 1983 468 2022 ne
495 1962 700 2021 inobedientes
735 1961 839 2023 fiamus
873 1983 1005 2027 summan

57 2071 234 2138 auctoritati
256 2075 286 2129 et
307 2069 472 2146 majestati,
493 2085 570 2143 quoe
592 2071 639 2126 ost
659 2066 751 2128 Dens.
794 2056 911 2134 Quodsi
931 2058 1005 2150 [ιδι-

56 2174 157 2243 tifices
180 2193 236 2235 uon
258 2177 429 2255 prrgnarent
452 2177 556 2231 contra
579 2171 742 2231 doctrinam
764 2173 884 2246 Christi,
906 2177 932 2235 si
953 2195 1005 2235 no·
1056 2200 1059 2205 ·

55 2281 178 2341 bissum
198 2283 385 2349 statuerent,
411 2275 570 2355 justificari
590 2294 644 2335 uos
665 2277 728 2336 solo
756 2281 854 2360 pretio
884 2283 1005 2361 sangui·

55 2386 104 2445 nis
127 2385 249 2454 Christi,
271 2389 301 2443 et
322 2403 381 2449 non
397 2383 540 2441 docerent
561 2383 707 2458 negotiari
720 2382 852 2443 homines
873 2386 1003 2467 propriis

54 2490 173 2549 meritis
195 2492 227 2548 ct
246 2491 402 2568 operibus,
432 2493 508 2546 tunc
526 2486 654 2544 libenter
682 2505 873 2564 agnoscerem
901 2493 1003 2550 aucta·

54 2597 179 2653 ritatem
208 2610 325 2666 eorum,
358 2598 388 2653 et
418 2592 576 2652 confiterer
612 2611 663 2652 ros
678 2611 750 2679 „re
768 2599 872 2652 sancta
900 2599 1002 2655 sancta

53 2700 147 2758 etiam
168 2699 222 2757 uti.
266 2698 326 2757 Sed
355 2717 421 2757 oum
443 2699 556 2756 abusus
576 2697 751 2756 manifestus
773 2699 826 2768 sit,
856 2699 929 2759 nihil
951 2718 1001 2771 ens

51 2802 254 2882 jurat-qnod
277 2807 494 2863 sanctamrem
516 2802 663 2873 habeant,
685 2803 764 2861 sicut
784 2803 960 2881 gloriantur.

142 2909 226 2968 Haoa
255 2910 332 2967 enim
363 2911 410 2966 est
439 2925 554 2966 summo
579 2925 778 2979 summarum,
814 2909 894 2984 quod
921 2927 1002 2989 papa

53 3032 116 3075 non
137 3014 237 3072 minus
251 3030 346 3099 'quam
359 3030 458 3072 omues
479 3011 679 3082 aliihomines,
702 3013 816 3071 etiarnsi
837 3013 1000 3092 angelicam

52 3119 233 3198 dignitatern
256 3120 388 3188 haberet,
410 3116 549 3195 alligatus
571 3117 667 3176 estad
687 3119 811 3175 uerbum
827 3115 893 3176 Dei.
934 3117 1000 3178 Hoc

48 3242 124 3303 ‚cum
157 3224 312 3283 manifesta
346 3225 515 3303 impugnet,
548 3239 617 3287 cuns
653 3224 785 3281 extrema
820 3211 1000 3283 crudelitate

50 3352 267 3371 m

124 3449 175 3520 65)
199 3449 333 3506 Pontifex
353 3452 465 3507 etiarnsi
485 3453 601 3524 unguina
620 3456 716 3522 esset,
737 3457 830 3506 tuanen
843 3449 997 3519 siasarho
1011 3441 1027 3461 χ

52 3540 195 3606 discedit,
221 3547 368 3600 anathema
387 3556 442 3601 ast.
481 3547 632 3602 Hoc-nuta
651 3547 810 3617 diiigenter.
853 3545 906 3615 65)
926 3544 997 3597 Pon·

52 3635 126 3689 tifex
147 3652 203 3690 ram
225 3639 326 3709 habet,
347 3655 425 3694 nsum
445 3657 509 3698 non.
