2204 4058
424 223 566 287 Psalmi
588 223 636 285 hi.
949 224 1006 291 rit

58 384 110 445 dia
132 401 202 447 ossa
226 381 339 459 justos,
367 385 398 439 et
436 398 556 440 manera
585 376 730 439 haeredes
756 378 834 437 ritae
859 381 1010 452 aeternae,
1046 390 1049 395 ·

58 487 169 564 postea
198 486 343 540 testemur
365 481 561 539 obedientiam
587 484 718 537 nostram
741 481 845 537 sancta
865 481 896 536 et
916 476 1010 537 incut-

60 588 133 662 pata
156 582 225 651 rita,
247 599 323 655 quae
342 581 473 658 pertinet
494 598 553 638 non
573 579 612 637 ad
630 579 776 655 justitiam
795 582 933 648 nostram,
956 576 1010 637 aed

61 683 101 741 ad
132 683 300 761 gratiarum
343 680 488 739 actionem
523 684 554 737 et
584 679 797 749 obedientiam,
817 670 918 754 'qnam
945 676 1009 739 Deo

61 786 163 843 nostro
186 780 342 850 debemus,
364 780 442 838 sieut
461 778 513 837 titii
534 780 564 837 in
586 779 671 837 dorno
691 780 795 857 patris.
839 778 929 839 'Prmc
948 777 1009 850 fiet,

61 887 96 943 ut
115 883 196 941 sieut
217 879 361 941 sacrificia
381 880 413 937 in
432 878 572 957 tegeDeo
593 879 678 939 fuere
698 880 797 937 suavis
819 878 899 949 odor,
920 895 1011 957 prop-

61 986 108 1043 ter
129 980 271 1041 fiduciam
291 978 528 1049 misericordiae,
556 998 617 1055 qua
644 996 772 1058 persona
797 980 883 1057 prius
900 977 1010 1057 justifl-

61 1086 129 1141 cata
152 1084 226 1150 erat,
247 1080 290 1139 ita
309 1083 413 1137 noema
433 1079 738 1155 quoque-obedientia
758 1081 904 1137 etsaneta
920 1096 1012 1156 opera

29 1198 37 1205 ·
60 1180 225 1259 placebant
255 1182 380 1257 propter
399 1176 488 1241 edem
508 1179 541 1235 in
560 1178 727 1249 Christum,
753 1180 783 1235 in
812 1196 867 1237 suo
887 1178 1009 1257 proprio

61 1279 133 1351 tine,
169 1278 251 1354 quod
277 1278 391 1337 scilicet
411 1296 471 1335 non
491 1277 566 1337 fiunt
587 1278 804 1356 adjustitiam,
831 1276 883 1337 sed
907 1278 946 1337 ad
967 1283 1010 1337 te-

61 1364 248 1449 sermonen,
280 1378 359 1454 qna
389 1378 467 1455 gran
499 1378 604 1449 samus,
630 1383 662 1437 et
689 1380 819 1456 genuae
847 1376 1009 1456 jasonem,

63 1478 190 1557 Oportet
212 1478 290 1537 eninr
309 1480 445 1537 arborem
472 1479 556 1556 prius
589 1496 654 1539 esse
682 1479 803 1548 bouum,
831 1496 919 1552 quam
940 1476 1010 1537 boui

63 1577 177 1655 aliquid
197 1564 233 1635 es
255 1596 290 1636 ea
310 1582 483 1648 enascatur,
506 1578 583 1637 sicut
604 1581 710 1655 postea
724 1596 789 1635 erun
810 1576 943 1653 emphasi
965 1575 1011 1649 di·

64 1679 126 1737 eit:
147 1676 258 1749 ,Tune
277 1678 448 1757 acceptabis
466 1675 641 1735 sacrificium
659 1676 821 1753 justitiac,“
842 1694 909 1734 cum
931 1675 1011 1733 scili-

66 1780 114 1837 cet
134 1777 221 1855 prius
242 1758 380 1837 adhunc
402 1774 520 1835 modum
543 1774 689 1833 aedificati
710 1775 821 1849 tuerint
841 1776 919 1833 muri
939 1772 1012 1833 Hie-

62 1876 204 1935 rusalem.
246 1878 296 1936 Sic
318 1875 440 1935 Samuel
466 1866 583 1951 quodue
610 1874 650 1933 ad
671 1873 746 1933 Saul
767 1874 852 1933 dicit:
893 1874 1011 1945 „irruat

63 1976 93 2033 in
113 1980 146 2035 te
160 1975 296 2061 ¹'spiritns
329 1994 365 2033 ae
387 1975 563 2044 mutaberis,
594 1983 667 2034 tunc
687 1974 832 2051 quidquid
854 1975 885 2032 in
903 1992 1010 2033 manus

62 2075 159 2146 seuit,
179 2074 297 2134 tacito.“
337 2074 396 2133 Hic
423 2094 481 2134 non
507 2092 600 2133 unum
628 2072 747 2150 aliquod
768 2092 843 2153 opus
863 2075 1011 2153 proponit,

63 2175 118 2235 sed
138 2175 249 2255 spiritu
273 2178 420 2234 mutatum
447 2176 539 2233 mittit
567 2174 652 2249 quasi
680 2176 711 2233 in
739 2160 845 2233 stivam
877 2192 1010 2252 operum,

64 2274 135 2351 quia
168 2275 246 2333 enim
273 2274 336 2353 jam
365 2278 411 2333 est
438 2274 541 2343 factus,
563 2274 639 2343 atina
669 2274 729 2345 vir,
749 2273 829 2341 ¹ideo
854 2275 944 2335 etiam
965 2293 1011 2333 se·

64 2377 199 2450 quantur
218 2372 278 2433 alia
298 2392 398 2452 opera.

30 2484 34 2489 ’
145 2471 234 2531 Hauc
254 2464 430 2553 theologiam
451 2473 614 2533 adversarii
634 2473 728 2533 nostri
753 2492 812 2533 non
832 2472 1011 2551 intelligunt,

64 2572 117 2633 sed
138 2571 292 2631 invertunt
311 2591 389 2645 rem,
410 2572 514 2631 volunt
535 2576 566 2631 et
598 2571 705 2632 docent
730 2576 792 2632 tam
813 2572 865 2631 diu
884 2560 1010 2651 operari,

62 2671 159 2733 donec
178 2676 333 2731 mutentur
353 2671 451 2731 ‹et-atii
472 2672 553 2731 tiarrt.
596 2670 656 2729 Sed
678 2676 795 2751 oportet
815 2673 900 2751 prius
920 2671 1013 2731 horni-

63 2791 130 2833 nem
151 2790 206 2831 seu
225 2788 384 2850 personam
403 2770 512 2831 mutari
534 2770 574 2829 ad
595 2789 663 2831 eum
682 2772 816 2843 modum,
849 2772 935 2855 quem
956 2772 1012 2837 hu,-

61 2871 111 2949 jus
143 2871 252 2951 psalmi
283 2871 355 2930 ordo
386 2871 540 2950 proponit,
575 2874 604 2931 et
637 2875 741 2950 postea
761 2872 824 2943 tiet,
859 2875 894 2928 ut
915 2870 1012 2929 omnia

63 2979 147 3031 recte
168 2969 250 3043 hant,
270 2972 332 3031 aire
353 2969 583 3042 circumcidaris,
595 2971 763 3051 'sacrifices
783 2971 863 3029 laves
884 2971 914 3037 in
935 2970 1012 3050 lege,

64 3071 124 3131 sire
146 3074 231 3130 extra
251 3069 345 3149 legem
368 3071 398 3128 in
419 3089 509 3149 opere
529 3068 689 3130 vocationis
705 3076 775 3130 tuae
795 3072 844 3151 sis,
865 3072 1011 3142 eomedas,

62 3170 163 3243 bibas,
191 3172 315 3230 maritus
344 3168 398 3230 fias
433 3175 489 3229 etc.
533 3171 637 3229 (ironia
671 3171 747 3229 enim
775 3170 909 3248 placent,
942 3173 1012 3246 quia

62 3286 194 3348 persona
214 3270 273 3349 jam
294 3268 406 3349 placet,
427 3289 485 3328 non
504 3270 622 3346 quidem
644 3275 768 3348 propter
784 3289 824 3341 se,
847 3272 899 3329 sed
921 3290 1012 3351 prop-

62 3373 110 3429 ter
138 3367 317 3429 sacrificium
344 3370 470 3439 Christi,
501 3374 531 3429 ct
564 3370 809 3441 misericordiam,
839 3390 927 3445 quam
952 3372 1012 3431 fide

61 3468 272 3549 apprehendit.
315 3466 506 3527 observanda
532 3469 624 3546 igitur
645 3488 735 3528 causa
756 3475 820 3541 est,
856 3488 910 3529 cur
931 3472 1012 3531 dam-

61 3573 114 3627 net
133 3566 232 3628 David
253 3568 404 3641 sacrificia,
425 3586 545 3648 nempe,
567 3574 691 3647 propter
711 3567 807 3628 locum
825 3570 1012 3647 justificatio-

60 3668 123 3741 nis,
146 3686 201 3729 aeu
222 3683 343 3751 eausam
362 3666 489 3729 finalem.
531 3668 615 3745 ¹Haec
637 3669 714 3731 crim
735 3688 794 3731 non
816 3669 917 3731 sotum
936 3688 1020 3730 erre.-
