2190 4064
322 220 325 227 “
351 230 392 289 ιι
411 204 546 290 staron
569 228 693 291 orsu·
919 197 986 299 sos

39 386 79 447 lbi
100 390 159 455 est,
180 382 350 460 quodDeus
371 382 443 442 orm
463 402 504 443 sa
516 384 556 442 lbi
577 382 712 443 babitare
724 381 808 455 velle,
830 383 936 461 quorl
921 402 983 447 mo·
1058 366 1061 371 ⁸

10 462 17 545 l
40 485 166 543 noriam
187 482 234 541 sui
254 482 378 542 nominis
398 485 428 541 in
450 502 485 569 eo
499 480 570 544 loco
589 484 760 553 constituit,
792 484 872 559 quod
890 486 931 545 ibi
951 492 984 548 ei

10 580 13 625 ῗ
39 602 95 644 uon
114 584 148 641 in
172 582 253 640 coelo
264 581 372 642 ¹volit
364 584 496 653 inuniri,
517 581 596 659 qui
588 581 665 640 euim
686 581 724 641 ab
743 579 800 641 boc
819 582 884 643 loeo
898 560 984 645 aber-
1026 650 1030 656 ,

10 662 14 733 l
38 686 124 754 revit,
148 684 239 740 etiam
259 681 289 738 in
310 682 390 741 coelo
411 682 507 740 Deum
527 697 586 741 non
606 681 705 759 potuit
722 682 852 741 invenire
865 687 984 763 autop-

37 782 234 863 prehendere
256 783 341 851 sicut,
361 786 519 860 postquam
536 780 648 839 Deus
638 799 670 838 sn
684 780 802 841 Christo
822 781 983 843 hominess
1001 846 1003 851 ,

37 882 198 953 revelavit,
219 887 301 941 necte
322 881 446 941 dicimus
467 884 496 940 el
518 880 699 950 eredimus,¹
714 880 795 956 quod
813 881 983 960 quicunque

37 983 121 1043 buno
141 982 287 1041 bominem
308 980 448 1041 exlllaria
468 970 571 1039 natum
591 998 650 1039 non
670 978 904 1059 apprehendunt,
914 983 984 1041 sim-

15 1082 161 1163 'pliciter
180 1080 275 1161 Deum
295 1098 353 1140 non
372 1084 498 1157 possunt
519 1078 757 1158 apprehendere,
788 1081 841 1139 sed
868 1083 983 1143 etiamsi

37 1182 143 1242 dicant
166 1198 199 1239 so
219 1179 341 1239 eredere
362 1181 391 1236 in
408 1179 512 1250 Deum,
528 1179 708 1238 conditorem
732 1177 806 1239 coeli
827 1182 983 1254 elienses,
1067 1182 1071 1189 “

34 1288 140 1342 mmen
162 1298 267 1339 revera
287 1279 414 1338 'creduut
438 1279 468 1336 in
489 1278 600 1337 idolum
620 1278 717 1339 cordis
736 1281 792 1351 sui,
813 1280 883 1356 quia
899 1285 1006 1341 exiss'
1049 1262 1053 1269 ¹

34 1382 195 1441 Ubristum
221 1397 280 1438 nou
308 1382 354 1437 est
382 1397 470 1437 verus
489 1378 580 1437 Deus.
621 1375 703 1456 Ergo
724 1376 821 1437 David
848 1380 983 1441 intuetur
1016 1440 1018 1445 ,
1058 1402 1068 1431 ι

35 1485 157 1539 montes
178 1480 251 1538 istos
267 1477 454 1537 Hierusalem
475 1497 533 1535 uon
553 1478 651 1537 earnis
674 1478 773 1548 emilis,
793 1479 873 1538 sieut
891 1496 982 1541 vaces

39 1579 194 1640 stabulum
215 1594 309 1647 suum,
331 1576 385 1635 sed
405 1576 497 1636 oculis
511 1578 641 1655 spiritus,
663 1576 741 1652 quorl
757 1577 985 1655 Deusperrerr

38 1680 110 1738 bum
132 1695 220 1736 suum
249 1677 290 1735 ibi
316 1675 452 1735 habitat*
480 1676 584 1750 ltaque
611 1676 660 1735 isti
686 1685 799 1735 montes
826 1695 885 1734 non
912 1681 983 1737 sunl

39 1776 169 1855 amplius
188 1775 286 1835 lutum
307 1780 358 1835 eut
380 1780 469 1846 terra,
491 1774 545 1833 sed
564 1758 643 1833 sunt.
655 1772 790 1851 dominici
808 1780 931 1848 montes,
952 1783 984 1838 sl

39 1875 196 1954 plenitudo
216 1875 385 1946 divinitatis,
407 1877 450 1933 ita
470 1878 505 1933 ut
524 1877 607 1933 extro
627 1874 680 1934 bos
701 1879 814 1935 montes
835 1877 907 1936 nibil
925 1876 982 1937 Dei

42 1977 136 2052 possit
156 1968 290 2041 inveniri.
324 1975 404 2053 Ergo
425 1979 507 2033 reete
528 1973 599 2033 dicit
619 1974 758 2033 auxilium
777 1976 815 2033 ab
834 1971 879 2035 bis'
900 1995 983 2037 mon*

43 2076 121 2133 tibus
133 2075 244 2144 venire,
264 2072 321 2132 boo
333 2078 386 2144 est,
401 2092 419 2131 a
431 2073 493 2132 Deo
507 2075 546 2132 ibi
556 2074 716 2145 habitante,
737 2077 814 2153 sieut
834 2094 886 2135 nos
897 2078 983 2137 curi-

46 2178 122 2232 stum
141 2170 291 2232 eredimus
312 2192 377 2232 esse
397 2173 533 2233 thronum
554 2175 676 2252 gratiae,
698 2175 728 2233 io
750 2193 807 2250 quo
830 2177 983 2257 inveniun-¹

47 2275 208 2345 insomnia,
230 2277 312 2345 extra
336 2290 402 2330 eum
422 2276 519 2330 sutem
539 2272 685 2331 invenitur
706 2275 785 2357 nihil.

124 2371 216 2437 Quod
236 2375 336 2430 autem
363 2386 422 2429 uon
442 2370 613 2451 simpliciter
639 2371 787 2431 dominum
813 2373 899 2447 dicit,
927 2376 983 2434 sed
1070 2382 1073 2389 '

53 2464 315 2553 epitheton'oddit:
343 2471 411 2546 „qui
432 2469 502 2529 iecit
513 2469 635 2529 eoelum
656 2474 687 2529 et
708 2475 852 2543 terram,“
872 2472 982 2553 signiti-

55 2576 94 2630 ool
114 2572 282 2640 antithesin,
304 2569 343 2627 ad
362 2556 520 2627 refutanda
540 2569 598 2627 alia
617 2570 773 2648 praesidia,
795 2589 871 2647 quse
890 2572 983 2633 bomi-

10 2718 12 2739 ,
56 2686 98 2728 nes
117 2674 273 2746 quaeruut.
315 2658 461 2727 lllammon
483 2669 571 2726 etiam
592 2667 665 2727 (leus
686 2673 746 2740 est,
766 2670 823 2730 boc
843 2677 896 2745 esi,
916 2676 1000 2733 ian--

22 2848 25 2853 ¹
60 2782 133 2840 quam
151 2770 226 2829 deus
247 2768 353 2829 colitur
373 2770 410 2827 ab
431 2768 610 2838 bominibus,
632 2772 663 2827 et
681 2768 765 2847 juret
783 2769 914 2832 homines
929 2773 982 2833 sli-

10 2890 12 2895 ·
62 2868 169 2940 quom,
190 2868 244 2927 sed
266 2867 337 2945 quid
357 2868 479 2946 prodest
499 2868 530 2925 iu
550 2885 681 2927 annonae
700 2870 850 2946 penurisi
890 2872 982 2933 Nemo

15 3006 28 3015 .
64 2978 119 3023 sune
136 2974 270 3027 uentrem
290 2968 467 3027 esurientem
487 2968 641 3026 exsatiabit
659 2969 795 3046 pecunia.
838 2970 888 3027 Sie
909 2962 983 3046 quid
1061 3011 1065 3019 ·

65 3064 166 3135 molest
185 3067 389 3127 insiceitate'l
421 3065 493 3142 quid
507 3064 634 3144 prodest
655 3069 684 3124 io
699 3068 805 3126 morbo
827 3067 980 3149 corporisi

68 3156 92 3215 Si
106 3164 189 3242 igitur
202 3184 348 3225 mammon
370 3167 400 3223 in
421 3165 466 3223 bis
487 3164 688 3244 corporalibus
708 3166 793 3225 mulis
803 3167 909 3245 juv'are
922 3190 981 3229 non

10 3294 13 3301 ·
68 3262 154 3334 ntor,
176 3264 249 3341 quii
267 3265 393 3334 iscer'ei,
414 3268 486 3323 eum'
502 3266 679 3325 couscientia
698 3259 891 3344 perturbatur
912 3287 983 3348 peo-

10 3354 13 3431 ζ
70 3357 126 3418 Νὴ
141 3367 171 3422 st
188 3364 308 3423 montel
349 3364 407 3423 Est
441 3364 532 3441 igitur
551 3382 695 3424 mammon
725 3366 820 3425 laetor
851 3368 982 3429 loetitiae

10 3444 13 3525 l
70 3464 144 3530 usquo
161 3462 239 3526 adeo.
252 3463 459 3543 particularis,
491 3467 602 3522 utnon
623 3465 718 3542 possit
739 3484 804 3524 esse
821 3467 982 3545 particula-

10 3562 13 3599 ²
71 3548 124 3625 ¹3⁰¹,
139 3564 248 3623 bulum
269 3562 399 3623 delectat
425 3562 545 3635 seruos,
565 3565 643 3623 siout
661 3566 743 3642 pieta
763 3565 886 3637 tabells,
907 3564 981 3625 adeo

10 3616 13 3745 l
72 3652 188 3765 §mm
214 3664 456 3742 iro-proverbium
477 3662 559 3743 apud
580 3664 741 3727 Germanos
772 3664 891 3736 obierit,
919 3682 984 3725 sur*
