2190 4064
480 251 692 363 Psalmihl
983 258 1025 320 53

51 410 271 497 Bernhurdus
292 426 359 484 cunr
380 405 511 478 Davide,
533 356 630 468 nano
651 425 718 467 cum
747 409 882 468 omnibus
914 414 1026 472 sanctis

54 490 165 571 ilicet.
194 509 373 581 ‚Nedntres
395 507 540 566 domine
531 527 562 565 ιιι
582 507 728 585 judicium
749 526 816 566 cum
837 520 923 569 servo
943 496 1024 569 tuo.“
1044 552 1046 559 -

66 640 71 647 ·
153 604 320 668 Sadoletus
343 606 381 666 de
401 605 511 684 actuali
531 612 656 685 peccato
672 608 796 701 accipit,
817 608 870 668 sed
892 628 950 668 non
971 629 1025 689 po·

56 712 127 770 tuit
150 709 215 769 alia
235 709 351 767 ratione
372 706 482 766 clarius
505 706 663 777 ostendere
680 718 823 766 summam
836 726 923 770 verus
944 709 1026 769 theo-

56 811 169 888 legiae
200 808 349 866 inscitiam
358 805 402 880 ).
443 805 546 880 Neque
577 807 654 865 enim
682 789 780 885 posite
809 807 896 870 haee
905 811 1027 869 suntin

58 890 204 988 eleganti
237 907 388 976 oratione,
418 905 511 964 sed
493 925 535 963 ιιι
564 925 623 965 usu
650 909 680 964 et
713 907 907 984 experientia,
935 922 1026 984 quam

58 1007 198 1068 Doridis
220 1009 251 1065 et
273 1005 407 1082 aliorum·
420 1008 589 1072 sanctorum
605 1004 772 1064 illustria
763 1024 794 1063 ιιι
816 1008 909 1066 sacris
930 1007 1025 1067 literis

62 1106 208 1185 exempla
228 1103 425 1174 ostendunt„
437 1123 561 1182 quorum
596 1104 755 1164 Sestoletus
783 1105 856 1164 nihil
876 1105 1035 1187 inninga„

60 1210 133 1288 Ego
160 1210 262 1264 autem
284 1204 349 1263 ideo
372 1204 542 1282 diligentius
572 1204 645 1262 haec
666 1203 797 1274 inculco,
829 1207 899 1280 quia
921 1225 1024 1286 exper-

62 1314 116 1368 tus
151 1324 230 1375 sum,
252 1323 340 1380 quam
372 1303 534 1364 difficulter
569 1304 809 1382 persuadeantur
844 1307 898 1377 iis,
920 1307 1024 1383 quiin

63 1407 252 1469 scholastica
272 1403 324 1462 illa
345 1396 494 1482 theologia
515 1403 634 1462 educati
649 1389 741 1475 sulit,
767 1409 797 1463 et
818 1422 892 1482 opus
915 1391 1024 1465 lrabea-

63 1527 134 1567 mus
158 1507 218 1564 hac
245 1503 411 1582 cognitione
444 1522 503 1562 non
522 1503 616 1562 solum
638 1521 694 1581 pro
722 1504 824 1577 nobis,
853 1505 908 1565 sed
935 1505 1025 1564 etiam

65 1599 136 1669 cum
153 1607 207 1665 alii
220 1603 390 1681 consolandi
404 1608 475 1662 sunt
495 1600 525 1660 in
542 1602 629 1661 simili
642 1620 732 1661 sensu
747 1605 878 1680 peccati·
897 1603 1024 1668 Quando

10 1746 16 1763 ..
66 1710 149 1768 enim
170 1707 216 1763 sic
236 1705 267 1762 in
280 1707 452 1782 ¹conspectu
480 1705 527 1759 est
547 1704 713 1780 peccatum,
735 1706 808 1760 tunc
830 1703 944 1761 animus
965 1722 1036 1761 uon·

67 1809 164 1868 audet
185 1822 220 1864 se
241 1802 371 1881 erigere,
402 1801 458 1860 sed
490 1789 545 1859 sibi
573 1804 723 1882 perpetuo
748 1802 825 1860 hanc
846 1802 1024 1863 cantilenam

68 1907 196 1968 occinit:
238 1903 384 1979 Peccator
405 1921 446 1971 es,
460 1901 561 1978 igitur
581 1901 643 1960 odit
663 1904 694 1960 te
716 1900 807 1961 Deus.
849 1901 935 1978 Haec
955 1921 1025 1969 con,-

68 1986 229 2084 sequentia
248 2021 320 2061 vera
340 2006 387 2060 est
407 2003 438 2059 in
458 2005 579 2071 natura,
601 2001 631 2058 io
649 2001 719 2078 jure
741 2001 818 2060 civili
839 2006 870 2061 et
890 2003 969 2074 foro,
992 2014 1025 2064 et

70 2098 209 2168 omnibus
229 2103 365 2162 humanis
387 2102 485 2160 rebus.
526 2102 570 2159 lbi
592 2119 664 2160 sene
685 2107 804 2162 maneat
826 2103 900 2162 haec
921 2097 1025 2163 conse·

68 2206 195 2284 quentia
224 2220 311 2272 vera,
337 2205 376 2260 ut.
395 2200 491 2286 dicas:
533 2188 679 2260 Peccator
711 2221 743 2261 es
774 2203 805 2260 in
833 2202 890 2261 hoc
918 2207 949 2262 et
968 2202 1025 2262 hoc
1052 2248 1057 2267 .

59 2308 215 2386 peccato,
237 2303 328 2382 igitur
350 2307 381 2361 te
403 2302 465 2360 odit
486 2320 607 2373 caesar,
625 2302 718 2380 judex
739 2307 794 2361 etc.
836 2302 903 2361 Hoc
923 2307 1024 2370 autem

70 2425 127 2466 ceu
149 2406 280 2464 Satanae
308 2420 454 2462 venenum
486 2406 515 2459 et
546 2378 818 2479 pestilentissimam
839 2406 955 2479 pestem
968 2420 1025 2470 ¹oa·

70 2500 150 2576 vens,
172 2522 212 2562 ne
232 2503 309 2560 hanc
322 2490 326 2496 ⁴
340 2502 581 2577 consequentiam
609 2511 650 2559 οι·
669 2502 732 2562 loro
756 2503 845 2561 etiam
868 2500 909 2560 asl
931 2502 1025 2559 tribu-

70 2604 122 2663 nal
143 2602 256 2661 christi
284 2601 456 2660 transferas.
498 2601 541 2676 lbi
570 2600 646 2659 enim
678 2621 736 2662 non
758 2601 907 2676 sequitur:
949 2601 1024 2660 Pec-

71 2706 157 2779 cator
186 2720 233 2772 cs,
259 2697 424 2778 erg'oDeus
446 2705 477 2759 te
498 2699 573 2770 odit,
604 2700 659 2759 sed
679 2702 737 2761 hoc
758 2703 907 2777 sequitur:
950 2701 1024 2761 Pro*-

72 2808 218 2873 catores,
240 2819 311 2880 ergo
339 2799 470 2870 confide,
491 2798 560 2876 quia
581 2798 657 2859 tales
677 2804 866 2879 peccatores,
889 2801 938 2876 qui
953 2817 1025 2878 pec·

72 2909 142 2972 outa
162 2921 218 2963 suo
239 2901 379 2970 sentiunt,
400 2898 561 2979 vultDeus.
583 2898 702 2976 Alioqui
709 2920 793 2959 nemo
804 2900 954 2959 hominurn
965 2897 1023 2968 sal-

72 3008 202 3073 metor,
212 3020 270 3060 non
294 2998 426 3079 apostoli,
435 3019 493 3058 non
501 2999 673 3078 prophetae,
689 3002 759 3076 quia
773 3001 869 3059 omnia
878 2999 1024 3058 conclusit

72 3102 155 3163 lleus
176 3102 233 3161 sub
252 3103 418 3180 peccatum,
441 3099 494 3167 sed
515 3099 590 3168 ideo,
612 3103 646 3157 ut
668 3101 795 3172 omnium
820 3101 1023 3158 misereretur.

74 3204 108 3263 Si
128 3204 221 3280 igitur
255 3199 390 3279 agnoscis
412 3203 442 3280 te
462 3199 574 3257 habere
600 3201 771 3277 peccatum,
805 3200 830 3258 si
850 3201 968 3268 tremis,
997 3199 1025 3257 si

75 3303 188 3362 ematis
209 3319 300 3361 sensu
321 3300 383 3356 irae
404 3296 475 3368 Βοὴ
504 3293 627 3358 horrore
653 3297 758 3376 judicii
778 3297 835 3363 Dei
856 3306 887 3357 et
908 3297 1024 3357 inferni>

76 3399 205 3472 confide.
219 3405 254 3460 tu
275 3400 406 3469 enimes,
423 3398 496 3474 'cum
516 3416 573 3474 quo
594 3397 676 3456 Deus
696 3397 761 3457 vult
770 3397 860 3474 loqui,
880 3399 928 3457 cui
941 3395 1025 3455 Deus

75 3501 139 3562 vult
159 3478 392 3560 misericordiam
413 3516 497 3557 suam
518 3497 687 3568 ostendere,
721 3500 752 3555 et
772 3515 861 3573 quem
884 3493 948 3555 vult
968 3492 1027 3552 sal·

76 3619 157 3671 rnre,
181 3601 252 3677 quia
273 3600 316 3659 sic
337 3602 443 3659 sonant
464 3578 674 3678 promissiones
696 3595 770 3674 ejus,
792 3595 872 3674 quod
884 3594 934 3655 'sit
943 3590 1027 3653 Deus

132 3715 166 3786 ³)
184 3713 217 3767 ln
235 3713 315 3803 editt.
335 3715 427 3786 origg.
448 3713 504 3786 leg.
516 3698 527 3769 i
541 3711 744 3782 justitiam.
