2190 4064
369 184 568 287 lell’ulm.
590 202 703 269 oret.
874 158 877 163 Ι
952 212 1016 279 m

57 350 148 414 ulem
171 355 259 425 eunt,
286 354 318 413 ln
331 354 458 418 Christo
479 358 575 417 omnin
601 356 727 436 implete
749 361 835 427 eunt,
861 363 905 427 et,
918 364 1014 439 perel-

58 452 308 513 dentur-omnia.
348 454 454 531 ltaque
472 455 526 533 qni
553 456 705 517 Christum
731 456 822 516 hahet
849 462 880 518 et
909 462 1013 533 eredit,

56 550 160 611 hebet
185 551 299 612 eoelum
320 557 351 613 et
370 558 495 626 terrem,
516 559 547 615 et
567 555 712 633 quidquid
732 557 824 615 ineis
846 561 908 629 est,
934 561 1014 623 sient

57 656 204 731 tempore
223 652 332 730 veteris
354 655 522 713 testamenti
550 653 633 714 Deus
661 656 758 715 omnia
783 655 943 736 eollegerat
973 658 1013 717 ad

58 742 166 813 to'cum
188 751 380 812 tabernaculi.

149 850 284 911 Fanatici
306 852 565 931 spiritne.semper
582 852 698 933 fingunt
718 856 774 914 eibi
793 857 929 935 propriae
944 854 1015 917 reli-

62 952 188 1031 giones,
211 952 290 1010 sieut
310 950 419 1008 ludaei
441 952 624 1027 quaerebant
643 948 752 1025 'valles,
772 953 868 1026 luens,
890 974 1012 1017 amnena
1092 959 1094 963 ’

60 1050 192 1109 flumina
212 1054 269 1109 ete.
311 1048 335 1108 li
366 1050 453 1108 etiam
474 1049 612 1109 volebant
638 1052 746 1122 videri,
774 1052 854 1128 qnod
880 1054 1013 1115 levarent

61 1148 169 1211 oculos
192 1148 229 1207 ed
250 1132 347 1209 Deum
367 1150 548 1210 habitantem
568 1152 599 1208 in
622 1151 725 1223 coelis,
747 1151 800 1211 red
821 1152 1009 1215 fallebantur.

62 1249 237 1320 Quomodo,
260 1249 373 1325 inquis,
395 1267 433 1308 an
453 1266 512 1309 non
534 1250 647 1310 eoelum
667 1250 698 1310 id
730 1255 789 1324 est,
818 1252 898 1328 quoti
919 1271 1011 1333 qupra

62 1352 161 1429 eaput
189 1349 256 1408 esti
284 1348 386 1408 Recte.
429 1346 476 1407 An
503 1368 561 1408 non
589 1369 625 1409 en
644 1349 738 1435 ¹aeden
767 1355 812 1410 est
838 1350 915 1411 neu
962 1350 1010 1413 Aa

62 1468 127 1509 nnn
147 1447 230 1509 Dens
249 1449 290 1507 ihi
310 1448 477 1507 invenitnrl
506 1449 584 1520 Non,
607 1450 676 1525 quia
695 1448 778 1508 Deus
798 1451 842 1509 sie
863 1456 909 1511 est
928 1451 1011 1511 hebi·

62 1552 147 1611 tator
168 1547 259 1618 coeli,
285 1551 320 1606 nt
340 1549 430 1609 uerbo
451 1566 505 1608 suo
534 1547 655 1619 dixerit,
684 1567 717 1608 ee
737 1548 767 1607 in
787 1549 851 1609 loco
873 1551 1010 1610 taberna-

62 1647 127 1710 euli
150 1647 355 1706 habitaturum
376 1666 450 1708 esse.
493 1645 535 1705 ihi
565 1665 674 1723 quaere
703 1666 769 1706 eum
801 1647 897 1718 Saul„
914 1647 1008 1721 Ahab,

60 1750 180 1816 Baete,
209 1744 393 1823 Jereheam,
416 1747 458 1806 ibi
485 1744 646 1807 secundnm
678 1747 801 1807 verbum
829 1764 914 1807 suum
942 1764 1010 1807 eum

60 1846 204 1913 invenies.
226 1843 305 1905 Alibi
320 1866 474 1923 nusquam,
497 1863 592 1921 neque
603 1846 633 1903 in
646 1846 727 1906 coelo
739 1866 794 1907 nee
805 1848 836 1905 in
848 1850 929 1905 terra
941 1864 1008 1905 enm

59 1947 204 2007 invenies.
246 1944 368 2006 Turcee
389 1946 477 2007 etiam
498 1948 584 2004 orant
600 1945 639 2003 ad
652 1944 755 2017 Deum,
778 1946 850 2006 coeli
865 1950 895 2007 et
909 1952 1008 2019 terrea

62 2055 247 2119 creatorem,
268 2044 400 2105 sednon
420 2046 587 2116 inveniunt,
615 2025 685 2121 huia
713 2047 743 2105 in
771 2046 890 2105 Christo
910 2042 1009 2114 Deum
1063 2112 1066 2119 ¹

61 2164 123 2207 nnn
144 2144 274 2204 eredunt
293 2163 348 2204 nee
368 2148 524 2221 quaerunt
566 2144 616 2205 Sic
643 2162 723 2223 papa
751 2149 817 2205 orat
844 2144 894 2203 ad·
911 2143 1008 2208 neum

60 2243 234 2324 Augustini,
252 2243 411 2315 Francisei,
433 2244 523 2315 Petri,
545 2243 631 2303 Pauli
652 2247 708 2303 ete.
751 2245 811 2303 Sed
836 2242 904 2304 talis
924 2242 1008 2309 Deua

61 2363 215 2422 nusquam
237 2346 290 2403 est.
332 2342 504 2419 ln0hristo
525 2343 601 2401 enirn
622 2342 734 2419 placuit
745 2341 880 2401 hahitare
893 2360 1006 2401 omnem

60 2443 294 2527 plenitudinem,
315 2444 345 2500 in
367 2461 401 2501 en
423 2444 473 2518 qni
495 2446 576 2510 orat,
604 2442 714 2500 invenit
734 2441 789 2499 Dei
812 2460 900 2499 aures
922 2459 1008 2518 aper-

61 2551 110 2607 tae
125 2541 181 2623 ⁸),
217 2544 268 2619 qui
295 2545 377 2600 extra
404 2542 555 2601 Christum
583 2548 664 2613 oret,
699 2541 768 2603 huie
802 2539 884 2601 Dens
919 2556 1007 2601 auree

61 2664 123 2708 nnn
144 2644 280 2723 praehet.
322 2640 400 2700 Hine
421 2640 507 2699 facile
529 2643 575 2699 est
599 2638 735 2717 judicare
757 2639 794 2698 de
822 2640 1006 2720 papistarum

60 2744 266 2813 orationibus,
291 2759 367 2817 quae
394 2758 494 2798 omnes
514 2738 577 2797 fere
598 2740 628 2797 in
648 2757 756 2818 genere
785 2740 932 2798 nituntur
948 2758 1007 2799 non

60 2844 157 2908 nolint
200 2840 312 2901 Christi
353 2839 484 2910 nomine,
526 2837 579 2897 sed
613 2839 724 2898 meritis
757 2843 788 2897 et
822 2838 1007 2898 intercessio-

60 2928 153 3005 nibus
174 2947 352 3003 sanctorum.
394 2924 576 3016 impossibile
596 2939 687 3017 igitur
714 2941 774 3009 eat,
800 2943 835 2996 ut
857 2922 906 2995 ,vel
926 2937 1005 2997 hunc

59 3043 109 3107 tel
128 3042 220 3103 alium
240 3039 387 3121 psalmum
408 3039 523 3117 possint
551 3042 633 3098 recte
654 3056 747 3098 erere.
790 3035 905 3097 Amisso
927 3038 1004 3097 enim

58 3148 115 3206 eut
140 3142 313 3223 posthabito
342 3138 459 3198 Christo
489 3138 613 3209 amissus
649 3141 695 3197 est
722 3134 804 3197 Deus
832 3155 899 3196 cum
927 3138 1004 3221 omni

54 3246 219 3314 ereatura,
247 3259 314 3301 eum
335 3240 484 3317 scriptura
504 3241 535 3296 et
555 3232 689 3297 amnibus
711 3236 789 3309 aliie,
818 3254 894 3311 qnae
923 3240 1003 3296 eunt.

142 3342 226 3422 Ergo
246 3341 303 3402 hoe
323 3339 473 3417 epitheton
494 3340 541 3395 eet
560 3335 624 3407 Dei,
646 3336 843 3416 non-gloriosi
863 3336 894 3394 in
914 3335 1004 3413 maje-

58 3448 158 3513 atete,
186 3436 420 3518 sieutjudieant
447 3435 600 3517 papistae,
629 3434 683 3495 aed
703 3434 837 3505 revelati,
864 3453 923 3494 non
950 3432 1004 3511 (nt

58 3546 268 3561 W

132 3566 167 3635 n)
189 3566 223 3621 ln
248 3566 358 3620 nemine
386 3564 493 3620 Chrieel
524 3564 613 3618 teliu·
647 3560 794 3627 orantum,
826 3566 873 3616 aut
898 3558 1002 3613 iterna

59 3664 170 3712 ornent.
451 3680 458 3727 ,-
611 3675 614 3681 ·
