2204 4058
344 228 697 291 insessum-aa.
787 220 790 226 ’
904 235 1000 303 ,217

38 376 137 443 aaut
158 386 245 466 panis
275 389 306 444 et
332 380 436 445 riuum
457 402 514 464 per
544 401 578 443 ae
602 384 695 443 ritem
725 400 784 443 non
813 387 999 455 conservant,

49 472 164 561 alioqui
184 503 269 543 nemo
289 482 471 555 moreretur,
492 486 641 543 ettamen
661 487 787 562 prepter
803 481 863 563 ,ner
883 483 1001 543 ordine·
1079 500 1082 507 ·

41 568 165 642 'nonem
185 588 216 644 et
237 587 362 643 naturae
383 586 503 644 nostrae
526 583 723 665 conditionem
753 583 792 641 ad
820 585 1000 644 conservati·
1077 629 1086 635 -

62 690 143 741 Mem
170 684 250 743 ritae
281 687 352 742 sunt
379 684 561 754 necessaria,
594 684 636 742 ita
670 698 787 759 quoque
808 683 999 763 angelorum,

14 820 23 851 ¹-
66 775 224 863 principum
244 786 275 843 et
295 783 419 843 aliorum
440 782 603 843 mediorum
622 782 760 841 'custodia
780 800 836 861 per
865 802 898 841 se
929 782 1001 843 nihil

72 885 150 951 esset,
178 882 236 941 nisi
257 887 357 943 custos
378 881 471 943 lsrael
492 882 627 960 vigilaret
647 886 677 942 et
698 879 872 943 custodiret.
898 882 1001 945 diane

10 1026 24 1053 ‚.
73 980 221 1039 custodiam
250 984 320 1057 qnia
346 984 469 1041 verbum
505 978 631 1053 revelat,
670 985 701 1041 ct
736 982 859 1061 spiritus
895 981 1001 1054 eredit,

10 1090 12 1096 ’
73 1088 128 1137 tara
147 1098 206 1139 noa
225 1081 320 1152 videt,
348 1083 449 1157 itaque
476 1081 640 1143 seeundum
668 1081 854 1161 antiphrasin
882 1083 1002 1161 exponit

72 1180 150 1238 rerba
169 1180 260 1265 hacc:
289 1179 520 1252 Custosisrael,
543 1180 662 1253 idest,
691 1180 826 1247 desertor
849 1199 907 1239 uon
935 1180 1004 1240 dor-

66 1276 154 1350 mitat,
185 1279 219 1337 id
240 1284 301 1352 est,
331 1300 391 1341 nou
411 1281 506 1341 solum
527 1281 703 1341 altissimum
724 1299 858 1341 somnum
886 1280 1003 1353 dormit,

64 1377 112 1435 sed
130 1395 255 1458 prorsus
277 1381 354 1439 omni
376 1399 465 1440 sensu
483 1385 566 1440 caret
587 1386 617 1440 et
639 1385 685 1441 est
700 1380 780 1438 nihit
824 1380 911 1438 Ratio
926 1382 1003 1439 enim

33 1460 39 1475 “
60 1476 172 1536 tautum
192 1478 311 1557 judicat,
326 1480 488 1539 seeundum
507 1484 623 1560 puncta
643 1484 673 1539 et
692 1480 839 1559 principia
851 1480 1020 1550 malorum..

57 1589 118 1636 non
136 1578 303 1639 secundum
323 1582 447 1639 verbum
477 1582 507 1638 et
534 1581 755 1658 promittentem
775 1570 881 1637 Deum.
924 1579 1003 1643 duta

56 1681 159 1737 antem
179 1677 345 1758 prophetae
365 1685 484 1750 norunt,
506 1696 595 1754 quam
617 1677 735 1736 difficile
757 1680 796 1738 sit
815 1681 858 1737 ita
870 1678 1002 1750 credere,

54 1776 125 1836 ideo
159 1781 244 1836 tanta
281 1781 367 1859 copia
400 1788 505 1838 contra
538 1778 775 1837 incredulitatem
804 1783 834 1838 et
857 1764 1004 1856 judicium

56 1878 157 1937 carnis
178 1878 379 1938 exhortantur.
421 1878 519 1937 Hodie
540 1877 672 1937 ridemus
692 1879 755 1937 sere
777 1880 923 1937 contemni
937 1879 1004 1951 iste,
1064 1934 1066 1941 .

48 1976 194 2055 judicant
215 1977 293 2035 enim
312 1977 401 2036 fidem
421 1980 536 2037 tantum
561 1997 626 2037 esse
646 1952 841 2057 'cognitionem
862 1997 915 2037 seu
929 1981 1005 2038 noti-

56 2079 131 2136 tiam
151 2076 282 2153 aliquam
303 2077 451 2137 historiae.
473 2118 475 2123 .
494 2077 556 2136 Sed
583 2078 658 2137 fides
685 2078 806 2158 proprie
837 2082 897 2149 est,
928 2097 1004 2154 quae

57 2178 88 2235 in
111 2176 250 2237 extremis
271 2176 356 2255 malis
373 2175 470 2248 durat,
492 2181 523 2235 et
543 2178 651 2237 retinet
672 2178 795 2237 verbum
807 2164 1006 2254 vitae,·atquo
1048 2208 1051 2217 ·

59 2273 102 2336 sic
129 2281 255 2354 superat
284 2294 398 2334 omnem
419 2277 485 2335 mm
516 2270 639 2347 diaboli,
675 2295 775 2335 omnes
802 2293 943 2353 pavores,
974 2281 1005 2336 ot

59 2376 194 2454 pericula
216 2376 327 2451 omnia,
353 2392 408 2454 per
430 2394 507 2451 quae
528 2394 594 2433 eum
614 2375 709 2455 gioria
729 2379 759 2434 et
780 2373 889 2433 fiducia
915 2392 1006 2454 pene-

61 2478 121 2535 trat
142 2474 182 2533 ad
202 2474 395 2547 immortalem
416 2477 514 2535 vitam.
865 2482 869 2489 '

61 2573 95 2633 V.
115 2575 300 2635 Dominus
320 2575 521 2634 custodiat
541 2578 587 2645 te,
610 2574 783 2647 dominus
801 2576 1003 2653 protectio

92 2745 97 2756 .
156 2680 224 2735 tua
251 2692 372 2754 super
391 2692 532 2733 manum
553 2661 751 2733 dexteram
779 2678 896 2733 tuam.

143 2774 271 2833 Etiamsi
292 2768 454 2833 ministerio
475 2772 647 2853 angelorum
677 2773 877 2857 defendimur,
907 2778 1005 2833 tamen
1034 2804 1040 2817 =

62 2873 124 2953 ipse
146 2874 296 2944 dominus,
318 2874 429 2949 inquit,
452 2873 581 2932 custodit
601 2878 647 2945 te,
669 2877 699 2933 et
720 2878 767 2934 est
787 2875 894 2933 umbra
915 2886 1006 2953 super

62 2990 180 3061 manum
201 2971 353 3033 dexteram
373 2977 471 3043 tuam,
492 2973 548 3032 hoc
569 2977 631 3045 est,
652 2991 745 3052 super
764 2978 833 3035 tuas
853 2991 911 3045 res,
933 2991 1007 3050 quas
1019 2973 1027 2989 ”

63 3075 167 3151 perio
191 3072 238 3131 lta
257 3073 335 3156 enim
355 3072 570 3151 simplicissime
591 3091 711 3153 expono,
731 3091 788 3134 nec
806 3074 901 3153 probo
925 3059 1024 3132 itiam¹

63 3174 246 3243 sententiam,
268 3171 349 3248 qnod
371 3172 505 3232 dominus
526 3174 565 3253 sit
586 3190 677 3253 super
698 3172 831 3253 dextram
843 3173 1008 3233 secundnm
1033 3178 1036 3185 “

64 3273 215 3351 spiritum,
247 3270 383 3335 diabotus
413 3261 512 3333 autem
546 3291 637 3353 super
665 3271 1006 3335 sinistramsecundum

64 3387 189 3429 carnem.
227 3370 416 3451 simpliciter
439 3374 517 3436 enim
544 3370 707 3453 significat:
734 3372 1008 3457 Dominuspuber-

34 3540 38 3545 ,
64 3476 113 3529 net
133 3488 183 3529 res
206 3473 286 3529 tuac·
321 3468 360 3529 'Si
385 3471 474 3533 doces
497 3471 652 3543 ecclesias,
681 3473 707 3533 si
728 3473 803 3533 facis
825 3491 899 3553 opus
921 3490 1008 3530 reca-

65 3568 149 3639 tionis
177 3573 265 3641 tuae,
296 3572 331 3635 nt
354 3588 444 3651 pares
474 3572 583 3631 rictum
611 3572 664 3630 tibi
686 3576 715 3630 et
743 3570 883 3641 familiae,
913 3569 1007 3628 multa
1081 3592 1084 3597 ·

68 3658 236 3738 aecurrunt
250 3670 449 3743 incommoda,
480 3668 642 3731 adrermrit
667 3675 699 3756 te
728 3674 885 3751 premunt,
921 3671 1014 3729 ricini
