2190 4064
99 234 140 292 42
424 194 427 199 ὁ
476 226 683 287 Eum-ratio

96 361 145 442 vel
166 380 393 465 indulgentiam,
422 384 455 437 ut
477 380 547 438 velit
569 381 739 463 Dens-ipsi¹
753 386 783 441 et
804 384 888 441 nobis
911 385 1047 445 omnibus

96 483 203 553 lavere,
225 483 378 561 ignoscere
398 484 555 557 peccatum
577 485 606 540 et
628 470 741 552 delere,
775 466 941 549 secundum
961 503 1047 543 snam

94 580 335 643 misericordiam.
363 579 447 638 Haec
470 581 547 638 enim
567 581 664 658 prima
683 599 754 660 pars
777 587 830 655 est,
853 602 907 643 seu
927 585 1046 664 primus

25 685 27 689 ’
95 682 207 763 gradus
228 685 297 760 post
319 666 497 759 agnitionem
516 680 647 758 peccati,
669 681 805 759 accipere
825 684 970 759 gratiam,
992 685 1045 743 ba-

79 785 165 860 'bere
185 781 332 841 faventem
344 783 383 863 'et
403 779 635 839 benefacientem
643 780 747 853 Deum,
768 786 804 857 ut
824 783 916 843 simus
935 776 1045 863 ingro-

93 884 151 941 mio
173 877 390 951 misericordiae
410 878 484 949 Dei,
517 883 547 937 et
579 880 740 939 habeamus
762 881 901 940 fiduciam
922 883 952 940 in
975 882 1042 943 illas
1066 874 1069 891 '

94 988 196 1053 certas„
212 981 431 1061 promissiones,
452 980 536 1039 nobis
559 970 603 1038 de¹
616 982 714 1058 gratia
722 980 777 1039 Dei
800 982 934 1047 donatos.
961 982 1043 1061 ‚Has

91 1083 301 1161 promissiones
323 1082 401 1140 sicut
421 1098 474 1137 nos
494 1080 524 1137 in
547 1080 694 1157 baptismo
708 1081 863 1152 habemus,
880 1083 927 1149 ,ite
947 1083 1042 1145 habu·
1062 1118 1070 1131 =

30 1222 37 1237 ,
92 1187 183 1245 erunt
199 1183 258 1261 ipsi
279 1183 311 1239 in
332 1165 450 1239 Christo
471 1180 624 1258 promisso.
666 1180 699 1260 ln
727 1181 782 1241 hoc
811 1192 901 1240 versu
930 1187 1041 1263 autem,

91 1285 141 1345 ubi
162 1287 249 1360 rogat
271 1299 307 1365 Se,
325 1298 343 1339 a
364 1283 487 1365 peccato
503 1278 590 1349 ablui,
611 1281 751 1359 proponit
765 1282 849 1341 nobis
865 1279 954 1370 aliam
970 1300 1040 1360 pec·

89 1384 149 1453 cati
171 1382 398 1453 distinctionem,
420 1392 508 1455 quam
529 1397 621 1457 supra
643 1380 834 1439 ostendimus.
858 1381 933 1439 Nam
946 1400 1040 1460 supra

89 1482 240 1541 divisimus
252 1482 410 1561 peccatum
424 1481 453 1537 in
466 1485 623 1559 'peccatum
634 1478 772 1537 sensibile
795 1479 843 1557 (ut
858 1482 902 1539 sic
919 1481 1037 1558 dicam)

88 1587 118 1643 et
139 1601 198 1642 non
219 1581 366 1665 sensibile,
388 1574 465 1639 sient
488 1579 545 1639 dno
567 1598 677 1658 genera
690 1584 882 1656 peccatorum
903 1582 1038 1654 fecimus,
1060 1608 1063 1613 ·

65 1687 261 1763 speccatores
283 1685 417 1741 sensatos
440 1684 470 1739 ct
491 1681 666 1748 insensatos,
687 1697 741 1737 seu
763 1699 849 1739 veros
860 1687 1038 1759 peccatores

25 1838 29 1847 s
86 1788 117 1842 ot
138 1780 263 1843 sanctos
280 1783 341 1843 sive
361 1781 546 1865 hypocritas,
570 1780 619 1855 qui
641 1780 773 1839 indurati
796 1783 946 1839 et'securi
968 1801 1039 1859 pec-

87 1889 188 1949 catum
208 1900 296 1947 suum
316 1900 375 1956 non
397 1882 537 1939 sentiunt.
570 1880 629 1938 Hic
649 1879 778 1938 ostendit
800 1879 875 1937 illud
895 1881 1037 1940 sensibile

85 1985 244 2063 peccatum
266 1981 353 2039 etiam
367 1962 480 2057 duplex*
498 1998 573 2048 esse,
594 1998 648 2036 seu
670 1979 780 2056 duplici
802 1980 888 2039 modo
901 1982 1036 2039 tractari.

84 2083 142 2151 Est
164 2082 241 2143 enim
261 2084 417 2159 peccatum
439 2077 593 2163 remissum
615 2069 671 2157 per
692 2080 826 2157 gratiam,
850 2083 881 2138 et
897 2082 945 2163 est
966 2099 1037 2157 pec-

85 2189 149 2261 tum
171 2181 319 2257 reliquum
339 2181 370 2236 iu
391 2197 488 2236 carne.
524 2176 684 2236 Peccatum
705 2197 760 2257 per
781 2180 909 2258 gratiam
931 2181 1037 2239 remis-

85 2301 152 2361 sum
180 2284 239 2350 cst,
269 2278 349 2355 qnod
375 2275 457 2336 Deus
486 2280 611 2356 propter
631 2278 783 2347 Christum
805 2297 863 2337 uon
885 2280 958 2339 velit
980 2298 1035 2339 nos

84 2383 234 2450 deserere,
251 2382 518 2456 quantumcunque
545 2378 637 2441 simus
657 2382 846 2456 peccatores,
878 2379 933 2438 sed
955 2380 1037 2457 quod

83 2481 155 2541 velit
175 2477 406 2559 misericorditer
429 2475 584 2556 indulgere
607 2478 705 2548 nobis,
733 2479 938 2557 quipeccato
965 2498 1036 2558 per-

24 2632 31 2639 .
84 2583 138 2645 diti
160 2587 191 2641 et
211 2579 345 2658 corrupti
367 2596 477 2657 sumus.
585 2606 588 2613 ·

163 2679 230 2739 Hoc
250 2682 407 2758 peccatum
428 2695 483 2754 por
501 2664 627 2755 glatiem
646 2678 802 2737 remissum
817 2679 962 2761 nonsatis
976 2683 1033 2738 est.

84 2783 156 2841 Nam
185 2796 241 2859 per
271 2775 472 2836 infirmitatem
502 2776 627 2835 subinde
654 2779 685 2834 in
712 2781 836 2855 peccata
857 2776 1033 2839 relabimur.

82 2880 231 2941 Vellemus
253 2878 344 2956 igitur
366 2875 529 2934 nonsolum
550 2882 708 2955 peccatum
717 2877 837 2946 remitti,
859 2878 912 2936 sed
935 2882 1034 2942 totum

82 2979 202 3058 aboleri.
232 2979 305 3037 Nam
328 2980 493 3054 peccatum,
515 2976 593 3034 sicut
601 2974 785 3055 Augustinus
806 2977 947 3052 loquitur,
961 2958 1038 3039 actu*

83 3082 191 3150 manet,
213 3069 537 3145 reatuautem'transit,
562 3075 618 3135 hoc
639 3080 692 3147 est,
714 3095 762 3135 res
786 3079 859 3155 ipsa,
882 3097 960 3153 quae
982 3099 1032 3139 ve-

81 3200 115 3261 re
135 3182 292 3259 peccatum
314 3179 369 3246 est,
391 3180 421 3232 et
441 3176 564 3234 remissa
585 3179 639 3244 est,
661 3194 697 3234 ac
717 3175 810 3234 aDeo
825 3177 982 3249 toleratur,
996 3198 1032 3237 ea

34 3330 42 3341 ,
79 3283 180 3348 manet
199 3279 231 3336 in
252 3294 342 3337 carne
363 3273 495 3350 reliqua,
527 3293 582 3333 nec
612 3273 682 3331 dum
708 3272 797 3353 plane
825 3281 944 3336 mortua
974 3284 1031 3350 est,
1056 3260 1061 3266 ⁴

80 3381 136 3439 nisi
159 3352 239 3455 quod
258 3393 314 3456 per
335 3373 502 3443 Christum,
524 3373 601 3433 sicut
622 3374 653 3431 in
673 3376 775 3452 genesi
797 3375 913 3447 dicitur,
937 3386 1039 3455 caput,

80 3479 228 3558 serpentis
249 3475 409 3560 contritum
430 3476 490 3543 est,
504 3471 613 3555 lingua
633 3476 732 3531 tamen
754 3473 851 3534 adhuc
871 3478 978 3549 micat,
1000 3482 1032 3538 et

81 3577 318 3638 condominatur
329 3575 432 3636 ictum.
460 3572 534 3630 Nam
545 3575 710 3650 peccatum,
727 3574 796 3648 quia
809 3573 907 3652 gratia
923 3581 954 3635 et
977 3578 1031 3636 mi·

62 3676 243 3747 'seriemdin
263 3674 318 3741 Dei
341 3690 432 3753 super
453 3689 506 3731 nos
528 3675 650 3753 regnet,
671 3691 729 3735 non
750 3676 849 3753 potest
870 3694 926 3737 nos
948 3676 1031 3737 dam·

132 3950 303 4025 ·!
