2190 4064
65 217 141 293 w
246 270 249 274 ,
332 172 335 177 ¹
418 182 625 269 Enariatio
720 276 724 283 ¹

46 368 120 425 ent
139 361 376 423 Multometistam
407 361 537 437 aliquem
563 365 618 424 aut
639 359 729 420 alium
751 361 899 437 quendam
920 363 1019 440 genti*-

67 464 127 535 lem
145 463 293 522 hominem
314 449 434 522 de‘lleo
454 461 546 537 loqui.
575 460 822 536 Loquiturenim
830 460 928 521 David
949 481 1020 521 eum

66 562 136 623 Deo:
150 567 271 643 patrum
292 580 422 632 suorum,
445 581 498 621 seu
522 579 589 620 eum
597 560 660 619 Deo
672 546 859 638 promissore,
876 563 946 635 qnia
965 580 1021 639 po-

66 662 159 742 pulus
178 661 272 722 lsrael
293 681 351 720 non
373 661 478 731 hebuit
499 660 596 721 Deum
618 659 753 721 obsolute
767 659 963 739 speculatum,
985 665 1022 721 ut

49 762 114 830 ¹sie
135 761 250 832 dicom‚'
277 763 355 821 sieut
372 763 545 841 imperitum
565 761 774 820 monachorum
796 754 891 838 penus
913 777 1022 839 specu-
1056 828 1060 832 ,

68 852 228 921 lotionibus
256 863 318 919 suis
339 860 496 919 adscendit
518 861 548 918 in
568 859 698 928 eoelum,
732 842 763 918 et
788 859 826 918 de
846 859 910 921 Deo
935 861 1022 919 abso-

66 959 132 1020 lute
163 961 284 1040 cogitat.
334 941 437 1026 Hune¹
450 957 548 1018 Deum
581 958 750 1020 absolutum
780 960 890 1019 debent
917 978 1021 1019 omnes

66 1059 184 1138 fugere,
205 1061 257 1137 qui
277 1077 336 1119 non
357 1059 459 1120 volunt
480 1060 597 1139 perire,
619 1061 690 1136 quia
708 1060 838 1119 humana
858 1065 967 1119 nutura
991 1065 1023 1121 et

68 1158 149 1220 Deus
170 1160 330 1220 absolutus
355 1158 500 1236 (docendi
531 1176 622 1218 causa
646 1160 703 1218 hae
729 1159 929 1238 appellatione
945 1163 1025 1220 noia

70 1260 201 1336 utimur)
224 1264 296 1319 sunt
316 1260 395 1318 inter
416 1278 448 1317 se
467 1257 652 1317 infestissimi
684 1261 807 1330 inimici,
835 1278 891 1318 nee
920 1264 1025 1338 potest

67 1358 141 1430 fiori,
162 1361 234 1436 quin
256 1378 274 1419 a
293 1362 379 1418 tenta
407 1359 565 1436 majestate
534 1358 724 1418 thumana
744 1359 900 1439 infirmitas
921 1360 1024 1439 oppri·
1037 1363 1045 1369 '

67 1452 176 1531 mutor,
194 1461 276 1520 sicut
297 1460 448 1537 seriptum
468 1458 624 1533 aliquoties
642 1459 789 1521 admonet.
766 1460 914 1525 iduare
935 1478 1024 1519 namo

68 1559 216 1639 intelligat
236 1559 381 1619 Davidem
401 1557 483 1635 loqui
504 1574 572 1621 eum
592 1557 656 1617 lieo
679 1553 829 1641 absoluto,
851 1560 905 1619 sed
925 1560 1023 1636 loqui-

58 1664 120 1719 tur
139 1676 208 1747 oum
228 1659 291 1721 lieo
312 1661 419 1719 vestito
442 1661 472 1717 et
492 1657 597 1718 induto
611 1661 708 1719 'verbo
724 1663 754 1718 et
775 1636 1024 1738 promissionibus

64 1760 159 1832 suis„
173 1754 212 1820 ne
233 1759 407 1821 excludatur
430 1778 448 1816 a
469 1760 584 1824 nomine
605 1758 661 1832 Dei
683 1760 900 1831 Christus„de
921 1778 982 1835 quo
1005 1778 1025 1819 a

71 1855 137 1921 Bao
158 1863 205 1920 est
224 1855 305 1920 laete
335 1857 553 1936 promissioni
572 1857 719 1919 Adamum
749 1864 780 1918 et
800 1859 873 1919 alios
893 1861 1027 1937 patriar-

69 1959 150 2019 elms.
191 1957 281 2021 Hune
302 1956 400 2019 Deum
421 1975 479 2016 non
502 1957 706 2027 uudum,.sed
726 1959 865 2019 vestitum
886 1964 918 2018 et
938 1978 1024 2021 rese·

68 2058 164 2119 latum
184 2058 275 2118 verbo
290 2076 351 2118 suo
371 2075 494 2117 neeesse
516 2060 563 2115 est
582 2074 635 2115 nos
654 2057 888 2136 apprehendere,
910 2057 1023 2134 alioqui

70 2161 153 2223 certa
173 2156 362 2235 desperatio
365 2175 419 2215 nos
441 2155 597 2249 opprimet.
744 2164 746 2169 “

150 2256 194 2317 Et
221 2261 269 2316 est
293 2261 440 2338 perpetuo
467 2256 637 2315 iaciendum
668 2256 725 2315 hoo
753 2218 913 2317 discrimen
940 2258 1024 2319 inter

59 2357 231 2438 ,prophetes
250 2356 406 2433 loquentes
429 2372 498 2416 oum
517 2355 580 2415 Deo
602 2359 632 2417 et
653 2360 724 2434 gent
725 2375 766 2416 es.
797 2356 922 2419 ¹(lentes
944 2359 1025 2419 enirn

66 2456 234 2534 loquuntur
254 2475 322 2517 eum
343 2455 406 2515 Deo
428 2458 512 2514 extra
532 2456 655 2517 verbum
677 2460 707 2515 et
726 2457 954 2534 promissiones,
976 2476 1025 2519 se-

64 2558 202 2617 eundum
232 2556 426 2635 cogitationes
455 2542 553 2615 sordis
573 2556 636 2626 sui,
666 2556 831 2634 prophetae
858 2557 1040 2651 autemllon

70 2658 205 2734 quuntnr
224 2674 294 2727 eum
314 2655 377 2715 Deo
397 2654 502 2726 induto
523 2659 554 2715 et
575 2656 704 2716 revoluto
725 2656 979 2738 promissionibus.
992 2662 1046 2723 et·

69 2742 161 2817 serbo
180 2775 245 2817 suo.
287 2755 346 2815 Hic
367 2754 450 2814 Dens
477 2758 539 2813 tom
560 2756 698 2816 elementi
725 2755 840 2834 speeie,
864 2760 896 2816 et
922 2761 959 2817 ut
978 2759 1025 2825 sie

60 2856 176 2939 diram,
196 2859 258 2914 tam
276 2854 413 2932 jucunde
433 2855 668 2926 invenimus,
689 2874 795 2934 nempe
819 2856 1024 2934 promissioni-
1062 2870 1065 2875 '

71 2957 128 3015 bus
150 2956 221 3024 suis,
244 2956 345 3034 potest
367 2952 569 3033 apprehendi,
591 2958 621 3013 et
642 2974 709 3014 cum
730 2955 839 3035 gaudio
859 2975 896 3015 ae
913 2955 1025 3031 dduoie¹
1046 2994 1053 3003 ι

70 3054 193 3115 anobis
214 3055 364 3132 conspici,
384 3055 436 3112 ubi
458 3058 579 3113 econtra
599 3054 681 3113 Deus
704 3054 858 3117 absolutus
890 3060 938 3114 est
965 3075 1023 3116 eeu

70 3154 201 3225 aheneus
231 3171 350 3223 murus,
380 3156 411 3212 in
453 3172 540 3229 quem
572 3172 631 3213 non
669 3173 828 3233 possumus
858 3156 1024 3235 impingere

69 3255 134 3314 sine
153 3257 255 3312 nostro
279 3254 374 3319 exitio.
416 3253 485 3312 ldeo
505 3255 600 3330 Satan
619 3254 676 3314 hoc
697 3255 760 3327 dies
779 3259 943 3331 noctesque
962 3261 1025 3316 sat·

71 3355 147 3432 agit,
173 3358 209 3413 nt
239 3370 293 3412 nos
324 3357 417 3433 ponet
437 3354 479 3428 in
501 3371 656 3413 occursum
687 3355 760 3414 nudi
780 3354 853 3425 Dei,
882 3359 918 3414 ut
938 3355 1023 3416 obliti

70 3453 298 3532 promissionum
326 3457 357 3511 et
379 3453 589 3513 beneficientiae
620 3456 652 3513 in
674 3455 794 3514 Christo
815 3458 953 3515 ostensae
974 3473 1023 3515 co-

71 3554 200 3635 eit-us
221 3553 259 3613 de
278 3551 342 3612 lieo
363 3571 399 3612 ae
418 3551 529 3631 judicio
550 3553 614 3612 Dei.
659 3555 690 3613 ld
712 3572 780 3615 eum
800 3554 848 3637 lit,
878 3547 1023 3635 periimus
1046 3611 1049 3617 .

72 3650 168 3723 idion,
194 3653 331 3733 prolapsi
361 3655 391 3711 in
420 3654 664 3731 desperationem.
718 3646 785 3716 lloe
810 3654 900 3731 modo
924 3653 1024 3721 flend
1054 3708 1060 3725 ,
