2204 4058
123 228 185 287 ιω
459 223 761 287 Pruoleotioueo
818 216 821 221 ’

121 377 214 449 lium,
235 380 385 437 ettamen
406 364 493 441 dieto:
535 376 633 448 ,nero
654 376 754 439 oculor
774 394 856 437 moos
878 370 918 439 ool
939 386 1072 457 montet,
1096 442 1100 453 ,

120 477 201 536 nude
222 477 360 537 auxilium
379 478 450 537 mihi
469 478 578 537 venit.“
618 476 751 541 Levandi
769 477 860 555 igilur
882 476 961 539 oouli
982 488 1089 555 snut.

120 594 181 635 non
201 576 317 655 'figendi
350 578 380 634 in
408 578 578 656 praesentio
616 575 806 636 incommode.
848 576 884 635 ld
910 580 991 641 onim
1021 586 1071 643 ort

120 676 372 736 nooeutirioculis
393 681 423 734 ot
444 676 573 747 auribus,
594 676 626 734 id
647 680 700 746 est,
722 675 825 733 audire
840 694 961 737 curnem
974 682 1068 755 tuom,

120 776 302 835 occinentem
324 775 362 834 do
382 774 427 833 iro
447 774 520 846 Dei,
542 775 580 833 tle
602 775 780 853 desertione,
803 774 841 833 (le
861 778 1068 854 magnitudine

119 875 252 953 periculi,
273 875 353 934 uuile
373 893 432 933 nou
453 875 493 933 sit
513 875 616 933 exitus.
646 873 777 933 beraudi
790 875 882 952 igitur
901 882 973 937 sunt
988 878 1066 939 oouli

119 974 159 1033 od
179 977 293 1033 montet
314 972 385 1044 Dei,
408 976 438 1032 et
459 973 634 1050 arrigendae
656 991 743 1031 uures
764 970 803 1032 od
823 991 924 1033 vocem
945 970 1063 1049 domini,

121 1090 199 1149 quoe
227 1072 300 1133 dicit
332 1092 368 1133 ne
387 1073 536 1151 promittit
571 1077 727 1131 venturum
747 1072 886 1131 auxilium
921 1074 962 1136 de
999 1078 1062 1138 irtio

118 1173 281 1243 montibus,
312 1172 392 1249 quod
413 1173 471 1231 etsi
493 1171 638 1231 invisibile
659 1175 704 1231 est
726 1171 766 1230 etl
786 1177 921 1251 tempuo,
964 1172 1061 1236 tunion

34 1342 39 1351 .
118 1275 166 1331 ort
194 1276 309 1331 certum
336 1276 367 1331 et
386 1272 626 1350 paratissimum..
656 1271 716 1335 (lui
742 1270 774 1329 in
794 1272 919 1350 opibus,
961 1274 1060 1353 glorie,

118 1369 262 1449 (lignitate
304 1373 455 1431 constituti
494 1375 587 1442 sunt,
627 1370 658 1428 bi
692 1387 751 1428 uon
771 1372 892 1431 suntin
911 1374 1061 1455 iurioibili-

114 1468 191 1541 bus,
231 1472 323 1549 igitur
342 1469 429 1529 saoile
449 1464 625 1531 offeruntur·
639 1470 761 1541 animis,
788 1468 843 1531 sed
864 1472 984 1547 quibis
1010 1472 1059 1533 ‹lo-

86 1642 89 1647 ,
117 1571 214 1630 otituti
241 1570 378 1629 laborant
398 1572 428 1628 in
457 1588 582 1651 corporo
603 1572 633 1629 et
653 1570 757 1641 animo,
778 1567 810 1628 bi
822 1568 926 1629 levore
952 1570 1058 1632 debent

117 1670 227 1743 oculos,
248 1674 284 1730 nt
305 1670 457 1740 auxilium,
480 1670 558 1747 quod
579 1668 724 1729 invisibile
745 1672 799 1739 ost,
820 1668 1057 1743 eioliotvioibilo,

117 1770 279 1831 secuudum
302 1770 381 1846 quod
401 1770 431 1827 in
450 1772 540 1829 verbo
561 1769 753 1847 promittitur.

199 1871 277 1927 Sunt
297 1870 389 1945 igitur
416 1868 489 1929 bueo
510 1869 601 1927 verba
621 1869 745 1927 bominis
772 1868 887 1946 experti
916 1869 949 1927 iu
975 1869 1057 1949 opiri-

116 1967 267 2037 tualibus,
289 1969 340 2042 qui
362 1968 467 2038 sensit,
489 1968 567 2043 quod
588 1986 642 2027 nos
663 1968 823 2037 sentimus,
844 1967 924 2043 quoti
947 1968 1057 2029 noill'oot

110 2084 223 2126 nonsus
243 2066 336 2125 nostri
358 2070 534 2143 gravantur,
567 2084 634 2125 cum
656 2068 686 2125 iu
707 2062 873 2127 desertione
900 2085 962 2127 uon
977 2068 1057 2127 violo·

114 2183 181 2224 mus
198 2165 349 2234 auxilium,
368 2183 434 2224 cum
455 2172 517 2223 uon'
535 2165 666 2236 divitias,
688 2166 742 2224 sed
761 2169 980 2244 paupertatem,
1000 2184 1056 2227 non

114 2261 253 2343 gloriam,
280 2265 333 2323 sed
361 2265 547 2341 ignominium
567 2268 705 2344 potimur.
748 2266 782 2323 lu
802 2265 848 2323 his
868 2264 1056 2325 iooommorlit

63 2426 67 2432 ,
112 2382 165 2425 oon
185 2367 232 2425 eoi
252 2382 308 2424 ceu
327 2364 530 2442 gravissimum
544 2364 675 2445 pondus,
697 2365 776 2440 quod
796 2364 898 2425 ocutos
918 2370 951 2426 et
967 2369 1057 2446 ceput

113 2464 267 2543 deprimit,
298 2471 332 2524 ut
352 2469 471 2543 praeter
493 2468 615 2524 terrene
641 2464 714 2523 nibil
734 2466 844 2543 cogitet
873 2482 931 2525 neo
950 2465 1056 2525 videet.

17 2626 21 2636 ,
111 2562 260 2624 Hortatur
280 2565 381 2639 itaque
401 2583 454 2625 suo
475 2563 623 2642 exemplo,
656 2567 691 2622 ut
712 2566 774 2621 tum
795 2563 926 2624 levemus
948 2564 1056 2637 oculeo,

112 2668 145 2722 et
165 2665 359 2741 respiciamus
380 2663 418 2721 ad
440 2665 611 2733 invisibilia,
644 2681 720 2739 quoe
748 2663 871 2721 verbum
900 2665 1054 2742 promittit
1096 2736 1099 2741 Ι

113 2763 192 2839 quod
212 2764 273 2821 sint
293 2763 489 2840 paratissima.
525 2762 572 2821 Ao
593 2764 672 2820 bunc
691 2761 811 2819 modum
829 2762 958 2841 explieat
977 2762 1056 2842 poul-

110 2880 176 2921 muo
197 2863 246 2922 bio
266 2867 403 2920 naturam
423 2861 501 2922 iidei.
535 2862 621 2921 Nunc
643 2861 777 2937 sequitur
798 2862 883 2937 quosi
902 2840 1055 2941 'expositio'
1092 2866 1096 2875 '

72 2988 77 3001 ·
111 2960 149 3020 de
171 2964 278 3037 quibus
299 2962 446 3019 montibus
467 2960 614 3035 loquatur.
1023 3030 1028 3035 Ι

108 3062 111 3073 “
150 3059 184 3119 ll.
227 3056 421 3119 Auxilium
454 3059 800 3131 meumodomino,
833 3059 895 3135 qui
915 3058 1038 3121 ieoit.

203 3160 212 3169 ”
395 3158 541 3218 coelum
563 3163 598 3216 et
618 3162 768 3234 terram.
1046 3160 1049 3165 “

190 3258 312 3333 Loquor
332 3258 370 3317 do
389 3257 545 3325 montibus,
566 3274 624 3322 non
645 3276 720 3332 quos
736 3256 813 3315 oculi
832 3250 930 3314 tornis
944 3255 1054 3317 rident.

110 3358 185 3423 (luis
207 3358 283 3415 onim
304 3362 356 3415 out
377 3364 437 3416 tam
459 3361 579 3416 uerutum
600 3360 710 3426 cernat,
732 3359 784 3413 out
804 3356 978 3433 iampossit
990 3374 1055 3427 emo

108 3458 247 3537 sapiens,
269 3458 318 3532 qui
341 3456 433 3516 oeulis
454 3455 568 3526 videat,
590 3456 669 3531 quod
690 3471 772 3525 mons
794 3454 890 3512 Morio
910 3455 950 3514 sit
971 3472 1055 3515 mom

109 3556 259 3629 nouotuti
298 3555 455 3614 (tumulum
476 3559 575 3613 terroe
607 3554 685 3614 oculi
719 3553 833 3623 vident,
865 3550 1057 3615 sanctitatem
1088 3620 1091 3625 ,

109 3674 167 3715 uon
189 3655 298 3726 vident,
320 3672 397 3730 quoe
417 3656 448 3713 io
468 3673 503 3714 eo
523 3654 621 3734 potito
644 3656 698 3725 est,
718 3651 935 3728 quodvorbum
946 3652 1057 3727 domini
