2204 4058
522 54 527 90 l

194 252 199 265 ι
385 169 531 245 raim
551 146 707 244 curn,
818 156 820 161 ’
977 168 1017 237 m

68 320 135 384 cam
148 338 254 403 pacem
274 306 545 394 stabiliam-etaim
561 342 604 384 ae
615 325 733 404 patriae
743 321 870 403 gloriam
891 330 923 385 et
935 298 1032 386 uon-f
1063 304 1067 313 ¹

66 426 247 505 quillitatem
265 428 381 506 pariat,
396 429 546 488 etlomnia
565 410 616 489 sie*
631 429 775 498 eveniant,
797 432 834 488 ut
855 446 874 488 a
893 448 927 490 so
943 424 1029 511 pru-⁹
1067 422 1078 477 Γ

66 531 177 591 deuter
197 533 363 611 excogitata
383 541 415 593 et
432 532 599 597 deliberata
617 532 708 593 videt.
751 531 923 607 Sedlieus,
944 538 1016 613 qnia

65 637 199 716 superba
219 638 344 698 consilia
364 638 442 709 odil,
464 639 614 699 diversum
636 637 717 697 iacit.
739 664 742 669 ·
759 637 841 717 Ergo
868 640 900 697 in
920 644 1023 703 nate

64 743 113 802 ria
132 746 163 801 et
180 738 277 801 boma
295 742 368 801 nibil
389 743 453 802 vitii
474 747 534 814 est,
561 743 593 801 in
613 741 794 804 lineantem
814 746 846 802 et
858 742 1012 807 *efficiente

65 864 162 907 eausa·
179 848 418 926 sapientissimus
438 847 485 907 rir
504 845 655 918 fellitum„

147 951 229 1013 ldern
249 952 281 1010 in
301 950 435 1011 Romana
454 951 609 1030 republica
629 951 918 1025 Ciceroni,·summo
930 954 1024 1030 ·rlro,·‘

63 1055 144 1115 idem
165 1055 245 1117 Julio
265 1057 388 1116 caesari
415 1057 538 1141 evenit.¹
565 1056 616 1116 Fit
635 1057 741 1136 igitur,
768 1050 892 1118 nterim
912 1078 1012 1139 neque

64 1160 242 1221 efficientem
263 1179 389 1222 oausam·
404 1169 543 1231 cernant,
555 1178 627 1220 -nee
646 1159 767 1233 finalem
785 1164 948 1244 attingent,
974 1170 1028 1227 nt'

64 1265 237 1338 clamitent,
266 1268 364 1326 omnia
391 1284 464 1349 casn
496 1271 528 1345 et
553 1265 673 1326 fertum
702 1265 782 1337 fieri,
812 1284 889 1343 quae
908 1271 1008 1332 reeb

62 1370 195 1431 consiliis
214 1371 278 1438 iere
305 1388 425 1448 semper
444 1370 663 1430 adversentur·
677 1368 786 1436 tinia·
801 1372 880 1430 enim
909 1355 1026 1451 neque³

60 1446 188 1546 virtute,
209 1493 266 1535 nec
286 1476 442 1554 sapientia,
462 1450 518 1533 nec
539 1473 693 1552 diligentia
713 1490 781 1534 eum
800 1474 898 1547 linem,
918 1494 1008 1554 quem

60 1580 219 1658 optabant,
250 1581 398 1659 attingere
418 1580 561 1659 possunt,
594 1581 626 1637 et
644 1577 748 1639 rident
768 1597 887 1656 quoqne
917 1582 1007 1642 insci·

59 1682 131 1757 tiam
154 1685 187 1741 et
213 1683 355 1744 malitiam
378 1682 781 1763 bominumrebuspublieis·
800 1683 870 1764 plus
883 1703 1006 1747 -uoeare

59 1803 150 1861 quam
171 1804 383 1864 nonnunquam
414 1790 507 1847 rectis
534 1785 664 1846 consiliis
690 1787 887 1874 edjnranlum
915 1789 1006 1850 finxe-
1059 1835 1062 1839 -

57 1868 133 1950 runt
164 1892 288 1951 tertium
308 1897 339 1952 et
359 1893 491 1953 medium
520 1890 678 1970 quiddam,
704 1892 1019 1968 fumonem-acilium·

57 2015 136 2072 quea
152 1991 273 2069 'ineerta
287 2002 474 2069 causaessel,
495 2001 526 2056 et
546 1997 617 2056 alibi
629 2001 714 2057 reeta
727 1998 850 2057 consilia
861 2018 1019 2061 successu
1057 2041 1060 2046 -

54 2101 190 2180 juraret,
212 2101 282 2161 alibi
302 2101 474 2181 impediret,
496 2121 533 2162 ae
553 2104 649 2164 coacti
671 2107 743 2164 sunt
762 2103 879 2187 dicere,
911 2105 1005 2183 majo-

54 2225 119 2267 rem
140 2225 281 2266 remesse
302 2207 585 2267 administrationem
598 2207 896 2287 rerumpublicarum,
913 2212 1018 2285 quani

53 2330 134 2388 qnae
155 2311 292 2371 humanis
313 2313 444 2371 consiliis
463 2318 628 2391 regeretur,
649 2332 718 2372 nam
738 2315 859 2390 praeter
879 2313 1005 2374 consilia

52 2418 144 2477 etiam
164 2417 313 2476 fortunam
333 2417 462 2493 requiri,
486 2434 563 2492 quae
583 2418 723 2476 divinitus
741 2416 804 2493 jam
824 2415 910 2488 huic,
939 2419 1004 2495 jam
1038 2452 1041 2461 =

52 2521 96 2580 illi
118 2522 320 2599 contingeret,
342 2527 433 2597 atque
452 2522 527 2581 baec
546 2506 638 2594 ratio',
651 2518 657 2527 ’
671 2538 727 2580 cnr
754 2522 860 2579 summi
881 2523 1004 2607 viritin·

52 2629 229 2705 tergentes
254 2644 354 2704 neque
383 2626 422 2686 de
450 2626 619 2686 oeconomia
645 2642 703 2683 nec
729 2622 767 2683 de
793 2624 901 2704 politia
917 2631 1002 2706 recte

52 2731 163 2792 dooere
182 2733 355 2810 potnerunt.

135 2834 219 2915 Ergo
240 2837 321 2895 subit
341 2835 390 2895 hic
412 2835 531 2906 doctor,
558 2834 610 2910 qni
640 2833 730 2895 babet
750 2833 840 2893 alium
862 2836 1017 2914 spiritum.

52 2959 121 3019 cum
144 2940 327 3020 experientia
347 2941 553 3018 conjunctum,
586 2943 617 2997 et
639 2938 747 3009 docet,
769 2939 850 2999 unde
880 2947 912 3002 et
931 2962 1000 3020 qno,
1013 2967 1024 2977 ··

52 3048 108 3105 boc
128 3048 191 3114 eet,
224 3062 301 3121 quae
327 3062 398 3104 vera
418 3023 510 3105 cauea
531 3043 661 3103 efficiens
679 3049 745 3105 tam
765 3045 887 3123 petitine
909 3064 998 3123 quam
1025 3116 1027 3125 y

52 3149 240 3213 oeconomiae
260 3149 314 3220 sit,
342 3155 373 3236 et
401 3152 468 3227 quis
489 3167 590 3209 earum
608 3151 653 3208 eit
674 3148 756 3209 linis·
777 3149 866 3208 -Nam
886 3154 1000 3212 utram·

52 3273 109 3332 pue
132 3252 351 3332 complectitur,
372 3261 403 3314 et
424 3257 519 3328 docet,
541 3257 575 3314 ut
596 3244 621 3313 ai
643 3255 709 3330 quia
730 3254 801 3314 velit
821 3254 1000 3317 veldomum

52 3358 95 3418 rel
114 3357 333 3435 rempublicam
353 3359 481 3420 feliciter
500 3359 684 3440 gubernare,
713 3370 756 3419 ne
785 3360 811 3420 is
834 3379 867 3421 aa
888 3362 1016 3440 prinei..

52 3461 149 3542 palem
170 3479 292 3521 causam
314 3465 492 3536 constituet,
515 3463 626 3540 alioqui
646 3463 724 3535 lore,
744 3468 780 3523 ut
800 3468 917 3525 evertet
937 3483 1018 3525 omar

52 3569 106 3627 ria.
156 3566 221 3657 Tot
246 3568 326 3626 enim
351 3567 500 3647 pericula,
530 3571 575 3628 tot
603 3567 759 3629 molestiae
785 3572 816 3628 et
845 3587 937 3630 curae
966 3570 1019 3628 in·

52 3678 178 3751 rtroqne
190 3690 303 3750 genere
316 3675 395 3734 vitae
409 3683 578 3745 occurrunt,
601 3691 680 3749 quae
690 3674 735 3732 ita
744 3675 925 3751 perturbant
936 3677 1023 3737 aniel

668 3810 728 3868 ,0
