2190 4064
98 236 156 296 m
384 194 387 203 V
470 209 694 315 ‘Enarrptio'

93 370 160 447 esse
186 384 304 454 ellum·
326 400 414 461 quum
445 376 554 445 natura
574 390 634 457 est,
659 372 703 446 ct⁴
723 388 891 463 quaerimus
906 388 969 449 alia
989 411 1036 451 re-

91 484 191 545 media
210 485 239 542 in
261 482 527 568 verbotproloibita,
548 488 601 544 aut
621 484 710 564 plone
733 485 933 571 desperamus.
956 491 1032 548 Con-

53 660 56 665 ·
92 588 142 644 ira
159 583 213 643 bas
234 583 331 643 cordis
356 580 536 662 pollutiones
555 583 635 669 'orat‘
648 585 789 643 mundum
811 605 885 658 cor„
898 589 976 664 quod
997 589 1034 648 do

92 682 156 743 Deo
176 687 258 742 recte
279 683 400 754 sentiet,
432 670 511 759 quod
531 681 628 743 Deum
655 682 759 763 diligat
779 690 919 763 tanquam
942 687 1035 746 salva-

91 787 189 859 torem⁴
207 801 225 841 a
243 782 373 861 pecoutis
397 786 428 841 et
446 783 617 861 largitorem
637 783 723 853 vitae.
738 826 743 833 .
756 784 864 859 ,videt
879 788 960 862 enim
981 787 1036 846 hoe

89 882 272 963 periculum,
294 867 386 959 quod,
410 883 459 957 qui
480 870 772 961 hane.'cognitionem
791 885 916 956 habent,
937 891 1035 944 tamen

91 985 244 1044 uSatana
262 968 350 1040 uniie
368 980 565 1041 sollicitantur
586 978 735 1043 suffusas
751 984 903 1060 opinion'os
916 985 1033 1051 deDeo,

174 1083 297 1165 Summa
325 1081 417 1157 igitur
440 1066 515 1141 leaeo
536 1085 597 1153 est:
637 1079 781 1160 Agnoscit
800 1084 947 1162 propbeta
967 1089 1044 1162 gro?

89 1184 170 1253 tiam,
190 1180 270 1259 qnod
289 1180 397 1239 habeat
418 1182 617 1241 remissionem
630 1184 820 1259 peecatorum
838 1188 868 1247 et
888 1184 1033 1243 {aventem

88 1282 193 1349 noum.
235 1280 309 1339 Orat
330 1281 422 1357 igitur
442 1285 546 1342 ooutru
564 1280 737 1361 periculum
759 1282 839 1356 quod
858 1283 1034 1362 plerumque

89 1378 184 1441 Satan
206 1386 331 1461 conatur
351 1381 486 1453 ercitsoe,
506 1400 545 1441 ne
556 1378 769 1467 ,transferatur
783 1383 813 1440 in
832 1382 906 1459 ,alias
923 1385 1033 1461 opinio-

89 1470 159 1553 nes,
181 1480 235 1541 sed
254 1484 293 1539 ut
309 1479 382 1539 baec
402 1481 741 1561 coguitiobenignitatis
766 1478 881 1541 divinae
902 1482 1032 1559 quotidie

89 1583 184 1660 magis
206 1598 241 1639 ac
262 1581 355 1658 magis
377 1584 501 1651 crescat,
521 1585 557 1640 ut
579 1582 609 1639 in
630 1584 777 1663 omnibus,
807 1598 883 1658 quae
907 1582 1032 1640 iacimus

7 1692 8 1696 ’
89 1688 143 1743 aut
174 1672 369 1750 sustinemus,
398 1681 490 1740 simus
519 1680 597 1741 laeto
629 1684 741 1753 animo,
772 1687 803 1753 et
831 1683 957 1741 sciamus
978 1701 1031 1741 nos

89 1801 155 1841 esse
185 1784 310 1859 propter
339 1767 490 1868 Christum
518 1768 549 1839 in
574 1784 686 1860 gratim
716 1786 746 1840 et
780 1782 900 1860 placere
928 1783 1031 1852 omnia,

88 1880 326 1963 quaereremus,
348 1879 436 1936 etiam
457 1879 523 1951 illa,
551 1868 633 1955 quod
652 1880 831 1938 comedimus
853 1885 882 1938 el
903 1882 1030 1940 bibimus

87 1997 143 2058 pro
164 1977 341 2035 necessitate
362 1977 503 2054 corporis,
532 1977 611 2052 quod
632 1977 755 2036 facimus
776 1997 882 2058 operes
903 1984 1030 2050 nostras,

83 2083 118 2138 et
136 2080 172 2136 ut
192 2094 243 2134 cor
264 2077 308 2134 sic
327 2078 445 2133 moneat
464 2093 573 2154 purum
591 2077 624 2133 in
651 2080 798 2155 perpetuo
818 2082 849 2135 et
870 2097 942 2136 sana
962 2058 1031 2156 eog-

87 2177 196 2235 nitione
219 2174 274 2233 Dei
303 2176 334 2233 et
367 2172 475 2232 fiducie
505 2192 578 2252 erga
603 2172 699 2233 Deum
720 2192 775 2253 per
797 2175 962 2247 Christum,
994 2197 1029 2236 ae

86 2279 200 2336 statuat
221 2275 317 2355 omnia
335 2277 437 2332 nostra
445 2272 508 2333 Deo
527 2271 660 2352 placere,¹
677 2293 736 2335 non
751 2279 876 2353 propter
893 2278 1028 2335 moritum

85 2363 334 2457 sau‘dignitstem
355 2372 482 2448 aliquem
504 2376 643 2464 nostpum,
666 2372 736 2432 'sunt
757 2375 832 2432 enim
855 2377 950 2435 omnia
965 2376 1029 2455 pol-

85 2475 158 2545 luta,
180 2473 233 2533 sed
253 2477 378 2552 propter
399 2473 506 2531 donum
528 2473 603 2544 fidei,
624 2472 705 2549 quod
726 2473 874 2533 credimus
896 2476 925 2532 in
944 2475 1029 2532 cori-

84 2580 173 2655 slum.
216 2574 318 2648 Neque
346 2576 443 2631 autem
465 2578 512 2632 esi
532 2556 562 2632 in
582 2576 731 2652 potestate
752 2578 868 2645 nostra,
898 2574 956 2632 tale
977 2594 1028 2633 cor

84 2692 251 2743 assumere,
284 2672 338 2731 sod
366 2677 412 2741 est
433 2673 600 2749 ,creationis
628 2672 757 2743 (livinae,
785 2673 851 2731 ideo
886 2674 1027 2732 vocabulo

84 2772 204 2832 creandi
228 2772 350 2850 spiritus
372 2772 421 2830 hic
440 2772 491 2829 uti·
509 2771 621 2847 noluit.¹
654 2770 727 2829 Num
754 2790 790 2830 ca
820 2789 894 2829 vanu
916 2773 1028 2829 somnia

83 2876 162 2943 sunt,
184 2891 260 2948 quae
281 2858 565 2950 de'purgutionibus
592 2869 689 2929 cordis
715 2871 818 2946 nugati
845 2884 915 2927 sunt
943 2870 1027 2928 seho-

82 2972 188 3030 lustici.
231 2973 316 3028 Sicut
343 2973 441 3027 autem
469 2987 527 3027 noo
557 2974 602 3028 est
630 2972 798 3027 nostrarum
818 2968 936 3039 urium,
973 2969 1027 3027 sed

83 3070 198 3128 divinae
219 3070 376 3129 creationis
408 3068 468 3128 lale
499 3087 550 3127 cor
576 3068 734 3138 mundum,
766 3070 808 3126 ita
830 3086 946 3143 quoque
968 3086 1025 3126 non

30 3239 33 3246 ι
80 3187 239 3246 possumus
265 3170 342 3227 banc
370 3169 547 3227 creationem
579 3186 755 3227 conservare
795 3171 898 3225 contra
927 3167 1027 3226 diabo-

80 3266 150 3326 lum.
193 3266 262 3324 ldeo
289 3268 437 3337 videmus,
470 3285 561 3343 quam
595 3286 685 3347 saepe
718 3264 886 3345 polluamur
920 3269 1025 3327 subitis

80 3367 351 3446 perturbationibus
373 3386 409 3426 ue
428 3367 550 3426 tristitia
571 3372 627 3427 etc.
669 3368 770 3432 tiuare
791 3384 941 3442 nunquam
962 3387 1025 3426 ces-

80 3488 147 3529 sare
169 3468 257 3526 debet
277 3469 351 3526 baec
371 3468 502 3545 precatio
523 3466 561 3526 de
582 3469 729 3527 creatione
751 3471 781 3525 et
802 3467 1024 3543 oliano-conser-

80 3571 196 3628 vatione
216 3567 318 3626 mundi
340 3566 446 3626 cordis.
596 3558 599 3565 '

162 3667 250 3732 Quod
271 3669 419 3744 sequitur:
460 3666 518 3738 ‚uu
539 3667 683 3746 Spiritum
719 3670 833 3726 reatum
866 3667 979 3724 innova·
993 3665 1023 3723 in
