2190 4064
86 118 151 179 210
304 94 307 99 ’
335 109 338 115 ’
454 114 683 193 Enarralla·
711 124 724 189 „¹
780 186 783 191 ,

25 346 28 351 ¹
85 274 135 332 et
152 267 384 342 mutante,
396 269 463 337 nisi
483 274 608 331 matur
627 270 677 331 rel
691 273 794 351 pratia
815 273 867 335 vel
885 275 1026 358 immi).

86 378 192 439 (iratis
220 380 282 449 est,
311 394 380 457 oum
405 375 615 438 afflictionibus
642 395 823 439 moramur
843 379 886 439 al
906 383 1048 455 noum,

84 486 196 547 tionem
217 501 272 544 seu
292 462 498 542 llumilitatems
517 466 601 541 furor
614 487 670 555 est,
689 500 759 543 eum
771 488 927 564 superbos
939 491 1027 551 obruit

26 570 28 575 Ι
84 592 221 653 dominus
242 588 346 668 poenis
367 590 399 645 at
419 604 469 646 sos
490 585 584 659 tollit,
603 588 682 649 sicut
702 588 831 650 sustulit
841 591 1026 655 Pharaonem.

82 696 184 773 Hujus
204 692 384 777 praeiraptio
404 696 435 751 et
455 693 642 752 contumacia
658 700 716 751 nun
731 696 835 772 potnit
849 699 962 771 mari,
979 701 1027 760 us

83 803 170 863 axilio
192 800 318 860 raineri
337 800 440 857 rubro.
489 797 541 858 Sie
559 790 747 875 Beniamitaa
779 817 844 859 non
877 810 1026 865 suumn

81 905 167 988 prius
188 924 207 966 a
226 906 341 974 lurore,
363 920 451 980 quarn
472 902 670 982 paoneuetou
681 909 791 975 essent.
838 906 1025 969 SiaAlssoloa

81 1029 141 1072 non
152 1010 293 1079 cessarit,¹
308 1002 535 1088 priusquam‘ex
547 1009 655 1067 arbore
669 1007 829 1087 penderet.
873 1012 1024 1085 Stultius,

81 1115 294 1177 Corinthuset
313 1112 399 1173 multi
421 1116 522 1172 nostro
543 1111 662 1173 saemlo
683 1119 844 1175 novatores
858 1116 1023 1198 dogmatum

78 1240 137 1282 non
153 1223 355 1289 cessaverunt,
374 1220 548 1297 priusquam
571 1216 693 1295 dignum
713 1219 776 1277 suis
796 1220 889 1282 luetis
911 1212 1022 1282 exitium

65 1310 253 1387 invenirent.
295 1324 342 1385 lta
361 1323 408 1395 ut,
439 1341 507 1382 eum
526 1322 618 1401 impii
645 1341 702 1381 ceu
728 1341 827 1399 equus
848 1325 955 1386 iurans
975 1346 1022 1406 par

77 1429 249 1523 superbiam
270 1446 391 1489 cursum
412 1428 620 1507 arripuerunt,
640 1443 699 1485 non
718 1428 804 1505 prius
827 1430 945 1492 sistunt
963 1451 1021 1492 eru-

77 1554 154 1609 sum,
174 1552 264 1613 quam
274 1532 427 1615 perierint.
469 1531 550 1591 ruem
570 1528 680 1591 uendit
699 1531 882 1608 justitiariis.
925 1537 1020 1595 Phari·

76 1646 138 1705 saei
167 1660 226 1702 non
253 1642 340 1721 prius
361 1631 520 1698 cessabant
540 1636 711 1727 evangelion
731 1640 891 1716 persequi,
921 1646 954 1700 et
973 1643 1020 1701 uiti

76 1751 139 1810 suls
157 1747 297 1827 justitiis,
319 1764 408 1822 quam
416 1742 619 1812 Hierusalem,
641 1761 767 1820 regnum
779 1745 1020 1806 etsaoeruouu

73 1852 208 1913 funditus
221 1851 370 1930 periisset.
411 1848 526 1909 Hioest
536 1849 630 1907 exitus
642 1851 884 1927 praemunitionis,
906 1851 1018 1928 quanio

74 1961 165 2020 verbo
193 1975 250 2014 non
281 1955 448 2032 corrigitur.
498 1952 609 2012 Verum
634 1949 736 2027 itaque
758 1964 819 2025 est,
853 1974 915 2014 non
936 1976 1018 2037 posse

74 2062 172 2123 sanari
195 2060 272 2120 huno
292 2064 424 2138 pestem,
448 2058 600 2136 quam'rel
621 2060 718 2136 gratia
738 2058 921 2122 rel-lurore.

155 2163 203 2226 Ad
234 2166 314 2224 hune
340 2163 459 2233 mollum
485 2163 664 2240 generaliter
691 2163 754 2221 lere
782 2165 1018 2244 interpretantur

72 2274 220 2356 psalmum
250 2276 354 2332 contra
381 2270 552 2348 superbiam
583 2286 638 2326 seu
665 2271 939 2346 praesumtionem,
968 2271 1016 2331 sel

73 2398 128 2459 ago
149 2380 281 2439 existimo
302 2377 415 2436 rectius
436 2375 541 2453 ex'poni
562 2392 651 2452 posse
666 2373 704 2432 de
717 2376 1016 2457 superbiaspirituali

72 2503 127 2545 seu
146 2484 184 2543 sle
207 2485 348 2562 superbia
366 2477 556 2559 justitiae⁸).
598 2480 687 2550 Nam,
715 2484 750 2539 ut
773 2486 873 2560 'supra
895 2486 1014 2556 ostendi,

46 2592 145 2650 -lraec
167 2591 225 2648 tria
246 2588 309 2647 fere
331 2589 476 2664 superbos
497 2586 625 2644 iaciunt:
646 2586 796 2664 potentia,
819 2591 970 2666 sapientia
988 2598 1014 2649 st

67 2697 196 2777 justitia.
238 2695 271 2753 Si
293 2693 359 2768 quis
380 2693 472 2770 igitur
494 2691 571 2763 vult,
592 2690 684 2749 faeiat
705 2708 776 2749 sane
797 2691 949 2770 triplicem
970 2714 1015 2755 su-

69 2804 203 2884 perbiam
225 2797 388 2858 secundum
408 2798 483 2856 haee
503 2799 561 2856 tria
582 2797 707 2873 objecta
751 2798 830 2856 Sunt
850 2801 1014 2861 enimdons

68 2907 230 2970 distributa
249 2905 279 2961 in
301 2903 448 2972 homines,
483 2905 514 2959 et
541 2902 652 2960 habent
682 2920 766 2961 susm
787 2921 960 2964 mensuram
986 2915 1013 2966 et

29 3020 31 3025 ’
67 3010 188 3078 modum
220 3027 317 3068 suum.
365 3007 469 3082 ltaque
502 3010 640 3085 potentes
671 3025 725 3066 suo
756 3007 843 3068 modo
875 3017 1013 3090 potentes

68 3118 140 3178 'suut
160 3133 215 3174 nec
235 3118 364 3193 possunt
384 3130 450 3172 esse
465 3114 656 3192 potentiores,
678 3114 830 3190 sapientes
851 3134 907 3176 suo
927 3120 1012 3178 molo

57 3224 217 3302 ‘sapientes
238 3222 310 3279 suut
329 3237 384 3277 nee
407 3221 534 3297 possunt
555 3236 621 3277 esse
644 3219 848 3297 sapientiores,
862 3223 939 3300 justi
960 3244 1012 3286 suo

21 3358 26 3367 *
65 3328 154 3390 morlo
176 3330 247 3386 sunt
263 3325 339 3403 justi
360 3344 416 3385 nse
429 3327 558 3405 possunt
578 3341 644 3383 asse
662 3325 817 3402 justiores.
863 3330 1011 3409 Superbia

66 3439 166 3497 autom
185 3431 343 3525 incitant
366 3429 456 3490 velint
476 3448 544 3490 esse
563 3432 595 3488 et
616 3429 710 3489 rideri
731 3435 934 3509 potentiores,
965 3457 1011 3496 sa-

29 3594 35 3601 ,
136 3537 169 3607 i)
190 3537 300 3605 Duplex
319 3534 418 3587 molus
437 3535 579 3587 sanandae
598 3535 758 3603 superbiae.
824 3535 863 3608 8)
881 3541 1009 3596 Peninus

66 3632 189 3703 loquitur
199 3626 244 3684 ‘ele
262 3630 394 3698 superbia
412 3627 560 3698 spirituali.
684 3664 687 3669 -

249 3948 386 3988 Δ.
