2190 4064
34 296 37 300 Ι
103 226 153 299 up·
205 242 208 247 ·
424 284 435 335 Ι,
470 220 696 283 Enarretio·
805 192 809 201 ¹

106 388 173 439 ostro
199 378 399 454 poccatorem:
430 373 487 435 etsi
507 377 572 431 tum
607 389 814 448 nonnunquam
851 370 1053 452 blasphemiae

104 475 182 537 tales
204 477 309 535 contra
324 466 483 550 ¹'judicium
502 470 559 530 Dei
588 464 773 547 sentiuntur,
801 475 900 531 tamen
921 471 986 551 liet,
1019 477 1055 531 ui
1079 482 1083 491 ’

107 575 233 655 spiritus
253 562 365 643 vincat,
395 572 474 647 sicut
492 570 592 642 Deus,
623 572 673 647 qui
694 570 820 648 largitur
841 572 1010 650 spiritum,
1024 573 1054 631 in

106 673 160 734 tali
177 671 290 750 judicio
312 669 408 731 vincit.
453 668 516 730 Sed
534 671 657 748 victoria
684 669 758 728 hoec
785 671 873 728 otiam
894 671 925 727 in
946 672 1055 750 spiritu

54 764 56 769 ’
106 770 298 849 intelligenda
319 774 373 831 est.
415 771 460 829 Re
483 771 560 829 enim
580 769 760 830 contrarium
789 771 934 841 sentitur,
963 774 994 829 et
1012 770 1054 843 ri,-
1079 830 1084 839 ,

43 918 48 937 ,
107 871 195 937 usim
215 870 298 935 Deus
319 888 386 929 cum
415 870 523 948 spiritu
543 873 644 929 nostro
677 869 769 940 vinci,
802 870 871 929 caro
902 872 1003 929 autam
1022 873 1074 930 et'

57 1004 60 1009 <
93 970 238 1040 ‚mimum
259 970 383 1030 vincere.
425 970 499 1033 Nam
521 968 662 1040 ridemus,
684 966 761 1045 quod
784 971 865 1027 totus
885 967 948 1029 iere
968 988 1053 1028 mun
1084 960 1092 1055 ᾗ

108 1068 165 1129 dus
185 1087 239 1131 nos
268 1068 396 1131 damnat.
439 1068 498 1135 (tui
526 1071 626 1127 autem
658 1067 842 1127 sermonibus
862 1065 919 1127 Dei
951 1086 1053 1128 assen-

106 1170 237 1240 tiuntur,
265 1169 435 1246 paucissimi
466 1168 544 1231 suut
586 1165 702 1229 Deinde
732 1168 821 1233 etiam
851 1167 882 1225 in
901 1168 995 1227 >nobis
1023 1172 1054 1229 et
1072 1182 1092 1247 j

91 1252 218 1335 ¹sorotis
240 1286 308 1333 caro
330 1269 374 1329 sic
393 1266 601 1338 tumultuatur,
623 1271 658 1326 ut
678 1267 763 1343 quasi
784 1267 953 1353 exstinguat
966 1268 1053 1353 spiri·
1073 1286 1078 1291 ·

105 1372 177 1431 tum.
210 1366 282 1426 Sed
302 1370 366 1427 esto
395 1366 479 1426 tortis
498 1369 601 1425 contra
626 1365 701 1424 haec
730 1364 879 1444 pericula,
911 1370 942 1425 et
962 1366 1052 1427 credo
1089 1420 1092 1427 .

105 1472 136 1527 te
157 1486 223 1527 essa
243 1470 443 1545 peccatoram,
474 1484 560 1544 quom
581 1462 664 1525 Deus
684 1464 754 1523 relit
778 1464 912 1544 proillio
931 1448 1070 1537 liabera'

106 1569 132 1627 si
152 1566 318 1637 confitearis
334 1570 366 1625 te
394 1584 459 1624 esso
479 1553 647 1643 perditum„¹
680 1564 754 1622 Nam
778 1564 835 1623 hac
856 1564 1051 1637 confessione,

107 1684 166 1743 qna
185 1670 216 1725 te
240 1665 404 1735 contundis,
426 1668 456 1723 et
475 1668 535 1729 tna*
548 1663 671 1723 vulnera
691 1663 804 1723 medico
825 1664 933 1742 aperis,
953 1664 1051 1725 Deum

106 1764 269 1843 glorificas,
303 1768 332 1822 et
359 1782 503 1842 provocas
533 1764 572 1822 ad
598 1764 719 1843 proprie
746 1762 876 1821 divinum
902 1781 994 1863 opus,
1016 1768 1051 1823 ut

105 1870 247 1939 tauquam
266 1862 399 1923 medians
420 1866 505 1923 sanet
526 1866 677 1941 aegrotam
697 1865 780 1923 tuam
803 1866 945 1925 mentem
1069 1856 1072 1867 '

187 1962 319 2021 Econtra
346 1962 397 2036 qui
417 1960 473 2042 poc
492 1978 552 2019 non
570 1961 700 2032 iaciunt,
734 1961 788 2021 sed
813 1962 870 2021 sibi
890 1936 1050 2023 vendicant

105 2060 233 2135 aliquam
257 2059 391 2149 justitiae
420 2058 556 2127 landem,
590 2058 621 2117 hi
653 2059 805 2121 luctantur
824 2080 892 2121 cum
913 2065 1049 2127 creatora

106 2164 177 2229 suo,
200 2161 231 2218 et
251 2144 458 2237 blasphemant
478 2162 644 2236 nenegant
664 2177 746 2230 aum,
770 2159 873 2219 dicunt
895 2178 962 2221 aum
984 2180 1052 2225 assa

104 2244 288 2328 mendaeem,
320 2259 350 2315 et
369 2262 591 2334 persequuntur
617 2258 681 2336 ejus
709 2260 836 2337 gratiam
857 2264 888 2319 et
907 2260 1048 2333 favorem,

105 2375 163 2432 quo
183 2374 237 2416 nos
257 2354 396 2434 amplecti
416 2348 517 2429 rult,
509 2376 565 2416 uno
586 2358 682 2436 ipsam
701 2360 791 2418 vitam
812 2363 966 2421 aeternam
980 2377 1049 2440 per-

105 2450 278 2533 sequuntur,
299 2459 330 2514 et
350 2474 384 2514 er
403 2453 467 2514 Deo
489 2455 638 2515 diabolum
660 2456 779 2517 faciunt.
822 2457 954 2517 Tanta
944 2460 1049 2538 impia·

104 2538 182 2615 talis
209 2555 354 2619 humanae
385 2558 432 2615 est
466 2555 606 2627 foeditas,
640 2572 707 2615 cum
740 2575 798 2615 non
830 2559 1049 2633 acquiescimus
1077 2582 1080 2589 ·

104 2655 201 2721 narbo.
244 2650 305 2713 sed
324 2654 401 2713 hanc
422 2655 509 2715 otiam
529 2656 571 2734 pii
592 2650 800 2730 nonnunquam
815 2642 956 2728 sentiunt,
979 2677 1048 2723 cum

104 2753 232 2815 arerbo
253 2755 283 2810 et
302 2751 359 2809 hac
380 2752 560 2812 consessione
582 2752 789 2815 discesserunt.
821 2755 946 2819 Quoties
968 2758 1048 2817 enim

104 2851 227 2921 accidit,
256 2855 305 2921 ut,
334 2852 359 2909 si
379 2852 410 2907 in
429 2870 518 2909 manu
540 2871 606 2911 mea
627 2855 714 2923 esset,
735 2853 825 2911 alium
844 2853 942 2915 Deum
963 2876 1049 2919 crea-

103 2970 183 3021 rem,
205 2951 254 3027 qui
276 2950 315 3009 ad
334 2968 381 3007 me
402 2948 531 3009 dicaret:
572 2948 652 3010 Ecce
672 2953 703 3009 in
724 2956 808 3013 tanta
828 2953 973 3015 fidelitate
994 2956 1048 3015 do-

103 3051 198 3121 cuisti,
219 3054 302 3111 tanta
322 3047 496 3107 assiduitate
517 3048 618 3118 orasti,
642 3053 726 3109 tauta
747 3071 819 3112 cura
839 3053 983 3131 plantasti
1003 3058 1048 3115 ri·

102 3166 186 3213 noum
207 3165 302 3207 meam
323 3151 394 3215 eta,
427 3148 484 3205 eris
516 3148 606 3224 igitur
626 3150 696 3207 mihi
716 3156 839 3230 propter
860 3153 939 3213 hano
961 3158 1046 3215 tuam

102 3246 283 3324 diligentiam
304 3245 424 3322 gratior.
466 3242 574 3303 Talem
599 3244 704 3317 Deum,
738 3253 788 3325 qui
819 3255 959 3330 operibus
992 3275 1047 3315 no·

101 3345 171 3405 stris
178 3343 357 3413 concilietur,
379 3348 489 3411 natura
503 3343 628 3403 libenter
640 3347 772 3420 haberet,
793 3353 844 3426 qui
862 3356 963 3411 autom
975 3373 1047 3432 gra-

101 3446 140 3503 tis
160 3444 306 3520 ignoscat,
327 3460 394 3499 eum
414 3441 559 3519 repudiat.
602 3444 686 3503 Sicut
716 3450 880 3527 exemplum
901 3452 1046 3515 adversa·

99 3545 209 3601 riorum
229 3544 395 3599 nostrorum
416 3544 556 3610 testatur,
587 3542 636 3615 qui
657 3543 729 3605 nihil
756 3549 851 3609 minus
873 3551 952 3612 torre
973 3573 1046 3632 pos-

98 3645 180 3711 sunt,
201 3657 287 3715 quarn
309 3638 387 3713 quod
409 3637 531 3698 dicimus
553 3640 751 3705 remissionem
772 3654 963 3723 peccatorum
984 3674 1043 3715 neu

261 3988 264 3995 .
296 3890 367 3996 'J
