2190 4064
55 248 78 299 s
116 260 157 320 74
492 255 709 316 Enarratio

116 410 239 488 reliquis
273 407 414 489 apostolis
443 409 672 489 praetermissus
701 414 762 482 est,
796 413 875 487 quod
895 412 969 473 haec
991 415 1060 474 doc-

114 511 195 570 triua
227 528 283 589 per
313 528 417 568 manus
453 511 538 587 quasi
568 511 696 589 posteris
728 511 838 571 tradita
868 515 915 572 sit.
960 514 1057 574 Moses

115 630 233 689 quoque
253 611 372 688 attingit
398 611 478 670 hunc
504 609 601 670 locum
633 613 664 670 in
684 631 738 671 sua
759 614 889 673 oratione
909 615 984 693 psal.
1008 617 1056 676 91.

114 714 212 792 [ao.]=
248 710 395 785 „Posuisti
416 710 586 789 iniquitates
607 716 724 773 nostras
744 714 773 770 iu
796 720 957 794 conspectu
977 722 1058 775 tu0.“

111 812 155 873 lbi
176 815 253 873 enim
274 832 338 872 non
363 813 489 872 obscure
510 810 668 891 significat,
701 831 754 872 nos
786 832 882 875 coram
904 814 968 875 Deo
991 836 1056 876 esse

111 917 140 974 in
161 914 214 985 ira,
238 919 268 973 ot
288 912 369 972 ferre
400 915 523 971 mortem
544 918 668 992 propter
688 913 761 971 iram
781 912 856 985 Dei,
889 934 965 992 quae
986 917 1056 975 inde

43 1020 46 1025 '
111 1015 264 1086 excitatur,
288 1011 368 1090 quod
386 1016 512 1091 peccata
532 1018 634 1072 nostra
655 1012 718 1072 Deo
738 1018 807 1073 uota
829 1017 896 1073 sint.
939 1016 1054 1074 Horum

108 1096 300 1197 peccatorum
317 1118 358 1195 ,et
386 1114 449 1172 irae
468 1112 523 1172 Dei
554 1116 645 1173 causa
677 1115 751 1174 haec
781 1118 841 1184 est,
873 1116 950 1191 quod
983 1135 1053 1175 caro

107 1214 182 1275 haec
202 1217 233 1274 in
255 1214 394 1294 paradiso
414 1213 503 1293 lapsu
513 1211 597 1273 Adae
617 1214 719 1293 ritiata
741 1217 794 1284 est,
811 1218 846 1273 ut
863 1216 902 1272 sit
914 1233 1053 1293 perverso

107 1317 212 1376 timore
234 1320 265 1375 et
285 1333 384 1375 amore
412 1312 600 1393 argolicum
624 1316 659 1374 'et
677 1334 709 1373 se
729 1316 836 1393 ipsum.
878 1314 962 1373 Haec
985 1316 1053 1378 doc-

106 1416 193 1488 trina,
216 1418 293 1475 sicut
314 1414 380 1486 dixi,
401 1432 457 1493 per
476 1432 581 1474 manus
602 1412 713 1474 tradita
734 1419 780 1503 est
795 1417 931 1494 posteris,
953 1416 1052 1476 llloses

105 1522 206 1576 tamon
228 1520 257 1575 et
277 1513 375 1574 David
395 1515 483 1575 etiam
513 1514 608 1575 literis
631 1532 694 1573 eam
716 1514 909 1586 mandarunt,
932 1519 1052 1595 etpost

106 1632 157 1676 eos
178 1614 330 1696 apostolus
350 1614 473 1675 Paulus.
516 1615 587 1674 Siue
609 1614 698 1703 dubio
719 1618 818 1673 autem
837 1615 913 1674 hanc
935 1618 1051 1694 sapien-

103 1718 175 1776 tiam
195 1716 360 1776 hauserunt
381 1735 415 1774 er
435 1716 530 1794 primo
550 1719 711 1795 praecepto
740 1720 770 1774 et
805 1734 839 1775 er
857 1717 1050 1795 promissione

102 1814 270 1895 Abrahamo
291 1816 372 1875 lacta
393 1820 429 1876 et.
442 1813 535 1875 Adae.
573 1815 620 1873 Er
639 1814 685 1874 his
708 1816 784 1872 euim
804 1815 992 1875 manifestum
1008 1816 1048 1888 lit,

102 1916 172 1993 quia
192 1914 427 1975 benedictionem
446 1916 632 1995 promittunt,
653 1915 730 1974 hanc
748 1919 883 1974 naturam
907 1935 972 1976 esse
993 1921 1048 1977 sub

100 2014 321 2086 maledictione,
351 2018 382 2073 et
395 2014 458 2081 ‚sub
480 2032 572 2091 regno
594 2013 717 2084 diaboli,
745 2014 775 2073 in
796 2034 854 2092 quo
875 2022 946 2077 sunt
966 2022 1049 2078 tene

101 2116 181 2188 brae,
204 2114 302 2174 odium
323 2112 387 2184 Ilei,
411 2112 573 2172 diffidentia
595 2116 650 2172 etc.

184 2214 325 2274 Continet
345 2196 443 2292 igliur
457 2213 505 2271 hic
525 2212 690 2273 versiculus
706 2232 834 2286 causam,
855 2233 1047 2275 curuos-om-

99 2336 153 2378 ues
166 2314 327 2377 debeamus
339 2312 480 2383 confiteri,
503 2311 583 2390 quod
598 2312 690 2372 simus
701 2319 883 2391 peccatores,
905 2334 939 2374 ac
950 2318 1047 2375 omnia

99 2423 203 2480 nostra
223 2394 323 2477 studia
344 2432 441 2473 coram
456 2412 519 2472 Deo
541 2411 725 2495 damnabilia,
748 2413 828 2473 solus
850 2418 947 2475 autem
962 2415 1046 2476 Deus

100 2522 139 2581 sit
159 2520 268 2599 justus.
305 2513 404 2592 Atque
424 2513 499 2572 haec
519 2512 655 2572 doctrina
675 2532 788 2573 summe
809 2516 978 2574 necessaria
1000 2519 1047 2575 est

98 2622 130 2680 in
151 2617 285 2688 ecclesia,
317 2633 414 2692 neque
434 2631 582 2692 papauec
605 2613 710 2673 Tucca
738 2632 802 2673 eam
823 2614 927 2677 credit.
970 2616 1046 2674 Nam

98 2708 155 2780 boc
168 2736 297 2798 'possum
320 2716 426 2775 testari
447 2733 511 2773 meo
533 2712 679 2793 exemplo,
700 2731 756 2784 me,
778 2732 845 2771 cum
864 2713 972 2773 multos
994 2734 1047 2773 au-

97 2840 152 2882 uos
174 2820 278 2880 doctor
296 2816 461 2894 theologiae
482 2814 612 2885 fuissem,
633 2814 711 2872 hanc
731 2813 893 2873 doctrinam
915 2815 1044 2873 nondum

98 2922 230 2983 scivisse.
271 2916 474 2996 Disputabant
495 2914 613 2991 quidem
636 2914 672 2972 de
691 2917 817 2995 peccato
838 2914 970 2992 originis,
991 2916 1045 2974 sed

98 3020 238 3095 dicebaut
258 3020 289 3077 iu
309 3010 456 3095 baptismo
478 3015 628 3074 sublatum
650 3033 729 3084 osse,
763 3018 793 3072 et
822 3017 903 3072 extra
930 3014 1045 3091 baptis-

96 3136 178 3183 mum
200 3121 229 3178 in
251 3120 360 3177 natura
380 3115 479 3174 lumen
501 3132 567 3173 esse
587 3113 743 3190 reliquum,
768 3112 847 3188 quod
868 3113 893 3170 si
914 3115 980 3189 quis
997 3135 1045 3174 se-

92 3223 217 3299 quatur,
240 3218 306 3277 dari
326 3196 518 3276 infallibiliter
530 3214 664 3293 gratiam,
685 3212 755 3289 quin
767 3212 912 3271 docebant
927 3215 957 3271 iu
974 3215 1044 3275 dae-

96 3320 233 3381 'ruouibus
256 3333 374 3395 quoque
394 3315 538 3373 mansisse
557 3312 704 3372 naturalia
724 3314 852 3391 integra,
876 3317 906 3371 et
926 3316 1044 3375 tantum

98 3420 225 3503 gratiam
250 3434 299 3478 eos
325 3416 466 3475 amisisse.
509 3414 585 3479 (iuis
606 3416 706 3472 autem
728 3430 785 3470 uon
806 3412 906 3485 ridet,
928 3432 1044 3475 summe

99 3521 250 3581 contraria
268 3516 343 3578 haec
363 3534 437 3583 esse,
459 3514 565 3585 dicere,
587 3512 667 3589 quod
688 3511 835 3571 naturalia
856 3514 1044 3595 siutintegra

100 3628 132 3681 et
152 3614 290 3681 naturam
302 3618 377 3679 'esse
396 3620 519 3698 peccato
542 3612 732 3693 corruptaml
760 3612 905 3674 Voluntas
917 3621 963 3675 est
978 3618 1043 3693 qui-

92 3721 163 3777 dem
182 3738 236 3780 res
255 3716 417 3791 naturalis,
451 3714 502 3777 sed
529 3716 588 3795 ipsi
614 3708 685 3774 non¹
700 3710 874 3793 simplicitur
901 3712 937 3772 de
967 3714 1042 3777 velle

450 3970 481 4010 ab*
565 3991 577 4010 ι
