2204 4058
182 128 186 135 .
256 106 294 157 r„
396 106 399 113 ·

267 190 278 205 Ἰ
373 198 811 291 incanduerat.
892 318 895 323 Ι
988 193 1074 295 m¹

68 355 419 459 11ιίιιιιιιιιιιιιιιιιιι
438 352 557 443 aarum
577 384 742 463 emamus
764 380 802 442 ιι
824 340 987 463 raptorem,
1008 381 1045 442 ιι

71 464 162 537 8²³8
178 484 209 542 'at
227 498 309 553 aare,
326 480 547 541 comendamus
568 482 697 543 domum
740 482 802 543 Sed
823 480 927 541 domus
950 481 1043 543 domi-

73 572 110 616 ¹³¹
130 547 208 651 l)
194 579 282 659 longa
304 580 386 641 aliud
407 560 569 659 significat,
589 600 710 661 nempe,
731 581 842 641 habere
859 580 1040 641 facultatem

79 667 155 733 θθῑι
174 665 283 765 donum
303 681 387 739 verbi
407 683 589 759 praesentis,
618 686 649 741 et
670 700 736 741 essa
765 683 796 740 iu
823 680 904 752 loco,
931 681 962 739 iu
984 686 1042 757 q‘u'o

78 754 164 837 litet
182 760 309 871 audire,
321 778 440 851 videro,
468 780 600 850 invenire
620 780 717 841 Deum
737 774 941 860 praesentem,
973 780 1051 855 quia'

81 874 214 937 'eroum
233 866 299 955 ejus
321 882 351 939 et
373 896 462 938 serus
478 879 577 939 cultus
592 882 633 939 ihi
646 880 804 941 invenitur.
847 880 936 939 Falsa
950 880 1043 958 igitur

75 972 139 1031 ‘Bt
158 976 302 1048 definitio,
315 984 413 1055 qnam
434 964 604 1040 scholastici
625 980 663 1039 de
684 980 794 1060 templo
815 978 952 1051 afferunt,
975 998 1042 1040 esse

90 1058 209 1136 α(ιιιιιιιιι
229 1081 432 1141 constructam
453 1069 488 1138 ar
508 1079 657 1159 lapidibus
679 1086 710 1140 et
733 1072 822 1159 lignis
844 1079 883 1138 ad
899 1080 1043 1139 honorem

83 1158 155 1237 liei.
196 1176 264 1245 Hoc
284 1197 323 1237 ne
343 1180 401 1258 ipsi
422 1179 542 1255 quidem
556 1180 734 1259 intelligunt,
758 1179 828 1256 quid
848 1180 895 1239 sit.
938 1180 1042 1257 Neque

39 1298 43 1305 ·
97 1276 167 1335 anim
187 1276 355 1337 Salomonis
375 1278 520 1358 templum
534 1279 601 1340 ideo
614 1281 671 1339 fuit
685 1280 852 1359 pulchrum,
875 1279 955 1354 quod
974 1282 1042 1339 erat

96 1380 225 1437 ornatum
245 1396 319 1437 auro
341 1384 372 1437 et
394 1384 501 1457 argent
488 1379 604 1451 laedo,
624 1399 713 1439 verus
730 1384 853 1439 ornatus
872 1379 937 1449 luit,
959 1378 1041 1455 quod

95 1470 128 1533 ihi
147 1478 328 1539 audiebatur
348 1481 472 1539 verbum
493 1479 558 1550 Dei,
582 1479 661 1554 quod
675 1477 758 1538 Deus
774 1480 815 1538 ibi
835 1472 1038 1551 invocabatur,
1069 1516 1072 1520 -

43 1616 50 1627 -
92 1577 347 1651 etinveniehatur
365 1581 529 1658 propitius,
552 1577 684 1649 salvans,
713 1577 928 1657 (lampacem,
956 1580 1040 1657 igno-

92 1692 176 1737 scens
198 1680 257 1735 etc.
278 1676 345 1737 lloc
367 1682 413 1738 ast
434 1682 517 1738 recte
541 1674 688 1757 inspicere
709 1666 860 1757 templum,
880 1696 940 1737 non
961 1678 1041 1737 sicut

40 1770 48 1781 ³
93 1792 181 1837 sacca
200 1776 281 1835 iores
302 1780 348 1837 sui
371 1777 633 1857 stabuliiuspicit,
658 1779 710 1836 aut
732 1776 883 1837 larvarum
900 1756 1038 1856 ⁴episcopi

93 1875 261 1955 inspiciunt¹
274 1877 398 1954 templa,
420 1896 487 1936 cum
509 1895 545 1936 ea
567 1874 766 1947 consecrant.¹
793 1866 799 1877 ⁸

167 1974 317 2049 Teneuda
344 1978 435 2054 igitur
463 1977 537 2052 haec
565 1976 696 2044 definitio
725 1981 785 2046 est,
818 1975 898 2051 quod
924 1975 1037 2035 hahere

87 2073 205 2133 domam
227 2073 337 2134 domiui
357 2075 436 2133 idem
457 2078 512 2148 sit,
533 2096 570 2136 ac
591 2077 616 2136 si
639 2076 735 2148 dicas,
756 2077 868 2136 habere
890 2074 1037 2135 Davidem

85 2164 164 2235 illurn
186 2174 314 2253 gratiam
335 2178 366 2233 et
395 2175 504 2237 donum
524 2177 614 2248 illud,
643 2179 788 2262 mactat,
818 2195 875 2250 quo
905 2174 1036 2235 eundum

83 2276 123 2335 sit
139 2278 276 2353 tempore
297 2277 501 2347 necessitatis,
533 2297 591 2353 quo
611 2262 743 2334 ‘erendum
771 2276 825 2353 sit,
855 2293 922 2333 cum
950 2263 1038 2354 optat

85 2375 190 2435 audire
219 2378 250 2435 et
275 2393 469 2452 cognoscere,
500 2378 572 2453 quid
600 2376 682 2434 Deus
711 2375 795 2444 velit,
825 2373 897 2451 quid
924 2377 1036 2453 cogitet

84 2474 122 2533 da
138 2491 196 2535 suo
215 2475 328 2554 populo
350 2479 406 2535 etc.
448 2476 609 2555 Templum
632 2477 708 2533 enim
729 2475 813 2534 locus
835 2474 899 2544 fuit,
922 2474 951 2532 in
974 2492 1033 2550 quo
1055 2499 1061 2511 .

84 2593 166 2645 me,
202 2575 349 2647 invocari,
386 2577 533 2634 orationes
562 2573 680 2645 audire,
709 2574 765 2633 coli
794 2574 922 2648 denique
949 2571 1034 2635 Deua

83 2676 191 2747 voluit,
221 2678 253 2733 et
273 2674 344 2743 alibi
364 2694 511 2751 nusquam
538 2692 594 2752 per
621 2678 717 2733 totum
745 2673 846 2732 orbem
873 2676 1033 2733 terrarum.
1086 2718 1090 2725 .

82 2760 292 2853 llaecdgit‘ur
311 2777 382 2833 sunt
410 2774 582 2853 dignissima
609 2774 717 2851 gaudio
757 2777 788 2832 et
814 2772 944 2844 laetitia,
978 2772 1033 2832 ha·

83 2876 154 2935 here
174 2890 328 2939 accessum
349 2873 389 2932 ad
401 2873 506 2932 -Deum
533 2874 563 2931 in
589 2878 723 2952 tempore
750 2871 892 2952 periculi,
922 2876 952 2930 et
979 2890 1048 2959 ιιιι-Ι

84 2973 147 3035 dire
168 2972 411 3045 consolationem,
441 2992 500 3048 qua
528 2972 599 3034 dicit
621 2993 654 3032 se
676 2991 741 3033 essa
761 2972 857 3031 Deum
886 2978 1031 3045 nostrum,

84 3078 133 3153 qui
169 3053 338 3152 adjuvare,
365 3073 408 3131 iu·
430 3072 571 3151 periculis
609 3090 662 3131 nos
690 3072 831 3142 liberare,
863 3071 1032 3136 condonare

83 3179 222 3255 peccam,
250 3173 293 3251 ad
318 3175 479 3232 extremum
506 3174 594 3232 etiam
620 3173 710 3231 vitain
739 3175 889 3231 aeternam
918 3172 1031 3233 donare

83 3275 162 3335 velit.
204 3272 263 3333 Pro
283 3273 340 3332 hoc
361 3268 450 3345 dono,
472 3270 568 3348 iuquit
596 3271 709 3344 David,
737 3272 849 3350 gratias
876 3262 956 3341 Deo
970 3273 1033 3352 agi-

83 3392 163 3445 nus,
185 3378 216 3433 et
236 3372 396 3442 laetamur,
418 3372 497 3448 quod
517 3374 669 3432 veniemus
690 3374 721 3429 in
741 3370 831 3433 iatum
850 3370 956 3442 locum,
976 3370 1030 3429 ubi

84 3472 146 3535 illa·
154 3474 252 3535 omnia
271 3471 354 3545 liunt,
376 3476 407 3531 et
425 3470 508 3531 Deus
529 3477 671 3552 operatur
681 3489 736 3551 per
748 3473 882 3551 verbum,
903 3472 1026 3533 verbum

84 3646 88 3651 -
154 3604 199 3675 t)
208 3602 316 3663 Danaa
335 3602 438 3661 contai
457 3602 531 3676 quil.
605 3666 608 3671 ¹
