2190 4064
182 86 221 164 Ἃ
301 76 321 147 f
383 93 748 181 ‘ssoimacxxxru
908 82 1045 211 [ιιι

88 263 209 338 “fiducie
235 258 462 337 misericordias
484 273 551 337 liei.
598 271 744 331 Murmur
776 278 822 332 est
853 249 1047 353 impatientis,

95 379 188 460 quarn
209 399 293 442 mora
309 398 368 440 sen
394 377 497 447 dilatio
518 376 714 438 exauditionis
742 377 838 440 affort.
879 376 964 438 Haec
984 380 1047 440 icae

96 506 167 553 cum
195 486 294 548 studio
326 483 474 575 vindictas
506 483 667 563 conjuncta
694 486 749 542 est
791 481 865 542 item
893 481 1047 546 Christus·

97 593 152 664 „Si
173 593 217 652 vis
240 570 347 653 oilcrre
367 607 477 650 munus
498 593 585 650 tuum
604 586 645 653 oo
666 586 773 663 altare
791 593 822 649 at
845 588 922 648 tibi
914 609 944 647 ιιι
966 609 1048 651 men-

96 702 159 757 tem
179 697 275 767 veuit,
308 695 432 754 iratrcm
463 698 548 755 tunm
577 693 699 765 hubert·
720 693 833 770 aliquid
869 699 976 754 contra
1008 700 1047 768 te,

97 801 149 867 abi
170 804 203 861 et
231 798 425 881 reconciliare
451 799 539 861 tratri
575 803 646 871 tuo,
680 803 716 867 ot
742 800 807 859 tuni
834 797 908 858 oiicr
938 817 1048 861 munus

98 909 214 966 tunm.“
254 903 323 972 lioc
349 904 436 963 »euim
467 904 613 965 usitatum
639 907 711 977 esi,
749 903 830 981 quod
862 884 1047 995 hypocritas,

97 1016 262 1091 postquam
292 1012 371 1072 omni
397 1028 508 1090 genere
528 1010 705 1089 injuriarum
739 1012 902 1071 onerarunt
928 995 1048 1080 iratres,

97 1134 159 1180 ¹non
180 1114 282 1176 solam
305 1114 362 1175 sibi
383 1135 442 1176 non
459 1121 550 1199 xsunt
580 1115 659 1175 malo
685 1117 808 1188 conscii,
841 1121 873 1176 et
906 1118 1075 1176 excusant

97 1214 338 1284 iaotum‘mnm.
372 1216 425 1278 sed
446 1218 536 1274 ctiam
556 1208 698 1272 simulant
728 1213 881 1291 singulare
915 1219 1049 1280 studium

98 1317 251 1397 religionis
264 1324 296 1377 ot
316 1316 493 1388 sanctitatis,
515 1333 551 1378 ac
565 1316 682 1396 jactant
703 1317 876 1397 evangelion
888 1315 1050 1396 plusquam

99 1424 164 1487 seri
192 1423 359 1493 christiani,
390 1423 490 1483 securi
517 1420 557 1481 dc
579 1405 635 1492 eo,
679 1419 760 1496 quod
786 1419 853 1480 odio
881 1425 913 1481 ct
940 1420 1051 1483 invidia

99 1530 208 1586 contra
227 1527 393 1608 proximum
411 1505 529 1589 accensi
551 1526 632 1584 sunt.
699 1525 703 1533 “

186 1631 300 1692 Contio
319 1632 373 1691 hos
389 1634 489 1690 monet
508 1627 651 1710 psalmus,
672 1631 708 1688 ut
728 1628 758 1686 in
779 1631 883 1713 sancto
896 1627 962 1689 loco
985 1630 1058 1694 ora·'

100 1737 173 1807 tnri,
195 1738 263 1816 puri
280 1740 311 1796 et
326 1737 422 1797 sancti
436 1737 504 1796 sint.
547 1733 621 1792 Nam
631 1736 765 1809 quierat,
787 1739 818 1794 et
840 1740 886 1794 est
907 1741 960 1794 aut
982 1753 1050 1796 aaa·

99 1842 174 1908 sitia
194 1844 248 1902 ant
267 1840 390 1901 lrlsidine
411 1840 466 1902 aut
486 1841 533 1900 ira
552 1842 606 1905 aut
634 1837 692 1899 alio
713 1838 831 1900 diabolo
857 1842 998 1901 obsessus
1020 1847 1053 1921 ctv

102 1952 227 2026 captus,
248 1948 318 2007 huic
338 1946 584 2020 dicitrlominns:
625 1945 747 2017 „tiuare
775 1963 899 2027 enarras
916 1945 1056 2024 justitias

101 2030 201 2127 meas,
234 2055 266 2112 et
284 2052 413 2125 assumis
438 2054 652 2112 testamentum
684 2067 783 2110 meum
803 2066 867 2133 per
891 2067 924 2111 os
944 2043 1050 2118 ιιιιιιιιιι

101 2157 158 2221 Tu
186 2133 279 2218 odisti·
306 2155 508 2236 disciplinam,
540 2160 572 2217 et
598 2155 753 2237 projecisti
786 2172 938 2220 sermones
969 2163 1051 2216 nicos

101 2268 280 2324 retrorsum.
321 2261 529 2327 consideres
547 2260 660 2334 iurem,
674 2263 898 2336 currebascum
918 2279 963 2333 so,
984 2280 1052 2323 cum

102 2367 252 2431 adulteris
281 2371 348 2426 crat
373 2367 470 2447 portio
499 2371 552 2428 tua
579 2370 656 2428 ctc.“
674 2366 750 2473 psal
772 2371 821 2433 5⁰.
864 2364 953 2426 Talis
985 2371 1052 2426 erat

104 2474 201 2534 oratio
229 2471 395 2554 pharisaei,
432 2472 484 2547 qui
513 2470 672 2533 descendit
701 2450 833 2574 in'justns
863 2491 899 2532 ax
930 2470 1052 2555 templo

103 2579 182 2638 Nam
202 2578 277 2638 hacc
305 2577 500 2638 usitatissima
520 2579 616 2656 pestis
636 2582 698 2651 est,
732 2564 830 2655 quod
834 2579 900 2655 qni
912 2578 1052 2657 impuris·

103 2684 173 2744 simi
194 2681 343 2755 suni„do
362 2682 426 2744 ileo
447 2686 478 2743 ct
499 2683 589 2743 sorbo
610 2681 676 2762 ejus
698 2683 792 2762 magis
816 2689 849 2745 ct
867 2684 1051 2763 pertinacius

103 2783 274 2866 gloriantur
300 2806 390 2866 quarn
417 2805 491 2873 *scre
518 2787 570 2871 pii.
618 2784 724 2866 ltaque
755 2789 908 2871 scriptura
941 2787 1052 2849 diserte

104 2894 247 2965 nominat,
270 2891 490 2972 quodquidam
510 2909 617 2967 nomen
629 2894 686 2957 Dei
706 2895 738 2955 in
757 2911 866 2966 vanum
886 2899 1052 2967 assumunt,

60 3033 75 3061 a
104 2998 159 3075 qni
185 2997 276 3060 cordo
304 3003 336 3064 ei
366 2999 428 3061 sita
454 3003 555 3060 umen
585 2998 693 3079 polluti
721 3004 758 3094 ct.
786 2998 869 3091 inpii
900 3003 988 3071 sunt,
1020 3003 1076 3091 et¹

103 3103 256 3184 propheta
275 3104 332 3166 hoc
361 3104 394 3163 in
426 3103 492 3167 loco
525 3100 690 3186 hyuocritis
724 3103 877 3176 insultat,
897 3104 950 3182 qni
983 3112 1053 3164 cum

106 3212 222 3281 orant,
240 3212 351 3291 putant
372 3208 471 3271 ileum
501 3228 561 3272 non
590 3206 692 3271 sidere
719 3207 925 3290 impuritatem
952 3207 1052 3271 cordis

106 3313 250 3388 ipsorum.
292 3314 500 3376 Necessarium
528 3315 622 3396 igitur
642 3319 743 3376 votum
765 3318 834 3387 est,¹
861 3317 896 3373 nt
922 3315 1053 3395 primum

106 3414 190 3477 Dens
210 3419 335 3480 verbum
357 3419 559 3494 dorcasini
579 3422 679 3480 servet
699 3422 805 3481 contro
827 3420 972 3480 lunaticos
992 3419 1053 3499 spi-

106 3523 184 3582 ritus
215 3528 247 3584 et
266 3524 421 3596 haereses,
448 3524 557 3604 deinde
577 3525 667 3586 etiam
693 3529 742 3586 ut·
756 3542 811 3588 nos
832 3526 967 3587 servet
957 3543 989 3586 ιιι
1008 3524 1053 3585 in·

106 3630 259 3705 nocentia,
282 3635 313 3730 et
332 3631 481 3695 custodiat
502 3633 539 3695 ab
559 3610 764 3713 hypocrisi.
