2190 4064
468 232 612 293 Psalmi
634 233 681 292 Li.
715 183 719 189 «
957 236 1016 297 115

56 388 328 477 perseverantiam,
361 391 396 446 ut
427 404 538 466 corpus
569 388 599 445 in
620 405 668 445 me
689 384 899 460 sanctificatur.
942 389 1017 451 Nam

58 499 137 557 sicut
159 510 254 570 supra
282 489 389 568 petivit
414 488 563 566 Spiritum
594 491 725 557 certum,
753 485 889 559 honest,
918 488 1017 568 plero-

57 595 211 674 phariam,
232 595 267 672 ut
286 588 401 649 Paulus
424 591 525 658 vocat,
555 589 585 645 et
606 584 724 664 plenam
737 586 943 663 cognitionem
963 592 1017 650 mi-

59 692 241 756 sericordiae
272 688 343 760 Dei,
372 690 416 748 ita
449 688 498 747 hic
518 687 602 765 petit
615 686 762 764 Spiritum
791 690 927 746 sanctum
956 708 1015 751 non

60 794 181 863 auferri,
203 811 259 850 uec
279 789 386 870 projici
397 807 429 847 se
440 787 485 863 i)‚
508 787 589 863 quod
600 804 655 864 ego
667 785 764 844 refero
777 787 816 846 ad
829 788 1017 850 sanctifican-

61 894 130 952 dam
151 909 280 961 carnem,
300 894 332 948 ‘et
354 887 393 946 ad
409 885 673 956 mortificationem,
696 903 750 945 seu
770 885 809 944 ad
821 892 1018 951 uoram'oba·

61 992 222 1061 dientiam,
250 1007 328 1067 quaa
345 989 392 1045 -in
411 984 582 1065 justificatis
604 986 688 1061 sequi
706 985 813 1057 debet,
836 993 871 1047 ut
892 992 1017 1053 maritus

59 1097 144 1153 casta
166 1091 246 1150 vivat
268 1107 336 1148 cuns
358 1105 414 1147 sua
434 1086 576 1166 conjuga,
604 1090 635 1144 et
662 1087 794 1145 suaviter
815 1106 883 1147 cum
903 1090 1016 1165 vicinis,

59 1199 94 1253 ut
120 1191 317 1271 magistratus
348 1184 507 1269 diligenter
534 1174 634 1245 ‘iactat
669 1184 798 1245 officium
831 1187 862 1246 iu
892 1189 1017 1251 admini-

60 1291 186 1352 stranda
216 1270 390 1368 republica,
422 1305 460 1345 ne
480 1274 645 1364 indulgeat
663 1288 796 1367 peccatis
827 1288 1016 1352 subditorum

60 1397 117 1455 etc
160 1390 270 1450 Notum
290 1389 369 1448 enirn
388 1391 449 1458 est,
480 1385 553 1462 quid
573 1402 650 1446 nura
671 1386 839 1447 obedientia
859 1388 888 1446 in
907 1390 1018 1468 justifi-

60 1493 136 1553 catis
160 1508 262 1567 secum
284 1487 403 1559 afferat,
425 1490 459 1545 ut
481 1503 532 1546 cor
553 1473 686 1562 quotidie
709 1492 826 1547 crescat
846 1488 879 1545 in
900 1490 1017 1569 Spiritu

61 1589 268 1652 sanctificante
298 1606 368 1657 nos,
401 1591 444 1658 ut,
477 1597 637 1664 postquam
658 1590 824 1664 pugnatum
845 1592 892 1646 est
911 1595 1018 1652 contra

60 1690 203 1767 reliquias
224 1704 385 1768 pravarum
406 1687 578 1766 opinionum
610 1684 649 1745 de
669 1684 733 1744 Deo
755 1689 786 1744 et
806 1690 912 1746 contre
932 1689 1018 1750 dubi·

62 1792 215 1861 tationem,
236 1788 450 1867 progrediatur
471 1786 596 1864 spiritus
612 1786 700 1844 etiam
716 1784 756 1845 ad
773 1787 1017 1867 gubernationem

62 1891 214 1950 actionum
235 1888 378 1967 corporis,
399 1892 435 1947 nt
455 1886 592 1965 ejiciatur
604 1885 702 1958 iibido,
724 1896 880 1947 assuescat
901 1891 1017 1952 animus

62 1991 101 2051 ad
121 1988 313 2070 patientiam,
337 1999 368 2047 et
390 1988 470 2047 alias·
485 1985 612 2067 morales
633 1987 760 2046 uirtutes
782 1991 838 2046 etc

143 2076 265 2149 Homini
292 2088 322 2146 in
337 2142 340 2149 ,
357 2089 557 2167 sophistarum
585 2085 734 2164 theologia
754 2086 891 2148 instituto
913 2091 1018 2151 absur-

63 2191 136 2249 dum
158 2188 295 2258 videtur,
312 2186 398 2263 quod
430 2189 491 2246 tam
512 2182 635 2246 sanctus
661 2186 809 2265 propheta
830 2187 940 2249 clamat
960 2209 1040 2273 pro¹

64 2289 150 2350 donis
173 2287 306 2369 Spiritus
337 2272 462 2358 ‚sanctis
480 2304 517 2345 ac
548 2283 677 2345 siuuila
705 2284 838 2347 haberet.
880 2290 943 2350 Sed
963 2309 1017 2353 nos

61 2395 127 2449 tum
159 2386 345 2466 experientia
371 2390 436 2445 tum
469 2384 579 2444 talibus
607 2385 748 2464 exemplis
778 2387 876 2447 edocti
898 2391 1016 2464 scimus,

63 2489 144 2567 quud
166 2505 251 2547 nomo
270 2490 374 2567 potest
387 2476 498 2566 'petere
518 2486 646 2563 gratiam
666 2484 724 2544 nisi
734 2485 925 2562 Justificatus,
947 2490 1018 2551 item

62 2590 145 2667 qued
165 2606 250 2649 nemo
269 2589 367 2667 possit
387 2589 491 2668 petere
514 2583 592 2643 dona
613 2584 744 2663 Spiritus
774 2587 832 2645 nisi
853 2588 1018 2652 sanctitica-

61 2693 122 2750 tus.
167 2688 247 2753 Quia
275 2689 353 2747 enim
388 2685 535 2766 primitias
557 2684 695 2763 Spiritus„
723 2691 906 2766 acceperunt
932 2690 1017 2765 tales,

61 2789 128 2849 ideo
151 2778 278 2869 cupiunt
300 2792 330 2846 et
351 2786 509 2865 adspirant
529 2780 569 2843 ad
588 2783 718 2844 decimas
734 2804 855 2863 quoque
869 2790 1020 2869 accipiun-

63 2887 190 2957 dns,.et
211 2887 282 2963 quia
301 2884 398 2949 renati
421 2888 491 2944 sunt
512 2884 552 2943 ad
573 2886 677 2955 vitam,
705 2885 773 2946 ideo
796 2888 922 2966 cupiunt
940 2910 1019 2951 mor-

64 2992 124 3046 tem
146 3003 216 3047 curn
243 2987 306 3053 suis
340 2984 473 3061 reliquiis
503 2985 594 3063 pinne
614 2984 760 3063 abjicere,
786 3005 823 3046 ac
843 2994 967 3067 sperant
988 2996 1019 3052 et

64 3089 216 3164 quaerunt
254 3085 482 3166 perfectionem,
512 3102 533 3143 a·
559 3102 620 3161 qua
650 3087 844 3164 experiuntur
878 3090 1025 3166 quotidie,
1054 3164 1056 3169 Ι

64 3206 154 3264 quarn
176 3186 276 3246 adhue
305 3187 416 3245 absunt
447 3185 544 3265 longe.
588 3182 656 3244 ideo
676 3166 775 3245 David
795 3192 870 3260 orat,
891 3209 930 3249 ns
950 3210 1019 3271 per-

64 3289 202 3347 mittatur
234 3286 298 3346 suis
327 3282 574 3365 cogitationibus,
595 3283 651 3347 sed
676 3288 712 3344 ut
732 3272 1019 3350 servetur'mundus

66 3388 158 3446 corde
182 3390 213 3445 et
233 3403 324 3466 opere
343 3386 375 3445 in
396 3384 491 3471 ocutis
510 3382 577 3465 Dei.
609 3382 729 3444 Facitis
750 3386 827 3445 euim
847 3386 895 3448 hic
915 3388 1039 3469 lapsus·

66 3491 125 3559 est,
160 3488 241 3547 sicut
261 3484 393 3545 ostendit
412 3484 558 3564 parab'ola
578 3482 689 3543 ursuli
709 3484 792 3563 apud
813 3484 945 3559 Lucam,
968 3490 1019 3565 qui

66 3581 281 3667 incompactas
301 3584 411 3645 domini
434 3585 478 3645 sic
497 3582 617 3643 humilis
639 3586 670 3643 ot
690 3583 759 3663 pius
781 3590 861 3657 erat,
895 3601 929 3645 ut
950 3604 1020 3646 con-

68 3690 244 3765 sequeretur
264 3684 466 3747 resnissienom
486 3684 618 3747 omnium
643 3682 821 3747 debitorum
837 3704 899 3766 per
917 3686 1045 3745 nixser'x-

117 3804 147 3869 *)
166 3798 284 3854 Secund.
305 3783 386 3855 eund.
410 3790 496 3859 india.
520 3804 682 3881 tegendum
702 3811 772 3862 esst
789 3801 955 3877 penitet
978 3817 999 3849 a
1014 3810 1076 3847 se.

746 3885 845 3963 Sp.
