2190 4064
430 206 572 267 Psalmi
603 205 650 265 ιιι.
969 206 1012 267 70

56 370 200 451 papistas
219 367 312 425 ‘extra
343 363 464 423 verbnm
494 359 560 419 Dei.
602 358 678 419 lstas
709 374 810 419 omues
826 357 960 437 justitias
982 363 1013 421 et

58 470 257 530 sanctitatem
288 465 376 523 istam
396 459 569 539 simpliciter
594 462 680 519 vocat
700 457 899 530 mendacium,
930 455 1012 534 quod
1072 440 1075 463 Ι

58 588 122 627 non
144 566 242 627 solum
262 582 321 621 non
343 561 461 639 diligat,
487 560 699 619 verumetiam
726 566 841 630 summe¹
865 558 961 621 oderit
981 561 1012 619 et

57 670 240 727 exsecretur
257 662 350 721 Dens.
393 660 495 736 Neque
526 660 603 719 enim
630 658 803 719 vocabulum
832 659 942 745 veritus
967 655 1011 719 ad

10 792 12 805 ·
56 768 156 827 rerba
179 768 294 824 tantum
316 758 504 820 referendum
525 764 578 831 cst,
600 758 654 819 sed
674 760 706 819 iu
719 778 828 838 genere
844 758 883 819 ad
897 777 1012 821 omnem

43 868 166 937 4ιἰιιιιι,
188 867 237 935 ut,
257 858 403 939 quidquid
424 859 562 931 dicimus,
583 860 756 938 cogitamus,
775 876 900 919 ιιιιιιιιιι
910 862 940 919 et
961 876 1011 919 su
1083 906 1086 913 .

56 985 143 1037 mus,
167 964 208 1025 sit
233 977 348 1026 certum
370 964 401 1021 et
419 976 516 1031 verax,
537 976 595 1036 quo
616 976 676 1047 uon
695 958 790 1019 solum
811 976 871 1018 non
891 957 1021 1073 loliatus·

56 1063 211 1135 mundus,
242 1061 296 1122 scd
315 1080 354 1121 ne
373 1079 427 1121 uos
447 1078 618 1136 quoquc..

145 1161 183 1221 ln
201 1161 311 1222 mundo
332 1178 450 1237 quoque
470 1163 516 1219 est
536 1150 646 1219 r'eritas
666 1156 796 1237 politico,
817 1122 895 1235 quae
913 1159 1027 1221 verbis.

58 1273 92 1325 et
113 1263 180 1323 rita
198 1264 385 1341 praestetur,
413 1259 468 1320 sed
488 1279 525 1319 ea
526 1248 690 1339 ejusmodi
711 1262 765 1329 est,
794 1262 830 1317 ut
847 1257 943 1317 multa
960 1256 1014 1319 ha·

57 1366 134 1425 beat
151 1360 288 1421 admixta
307 1361 386 1421 vitia.
429 1360 480 1419 Sic
499 1358 692 1439 Pomponius
699 1356 842 1430 Atticus,¹
854 1356 1017 1431 Aristides,

58 1464 208 1523 Socrates
228 1460 328 1521 inere
333 1460 484 1531 homines
475 1476 606 1519 veraces
627 1464 658 1521 et
676 1459 741 1519 sine
760 1457 836 1527 ioco,
857 1458 902 1519 sic
925 1456 1013 1519 multi

57 1566 144 1625 iuter
166 1565 272 1641 gentes
292 1558 376 1619 fuere
397 1559 460 1618 veri
479 1558 630 1637 conjuges,
652 1559 703 1634 qni
722 1557 810 1617 fidem
825 1558 936 1617 dotem
942 1576 1012 1617 uxo·

58 1662 151 1723 ribus
173 1660 292 1739 egregie
321 1660 552 1738 praestiterunt,
581 1660 625 1717 sic
656 1659 788 1716 invenias
808 1639 916 1719 alicuid
936 1676 1013 1719 mer·

59 1767 200 1823 catorem
220 1777 364 1819 veracem.
404 1756 493 1818 Hauc
506 1757 664 1837 politicam
689 1757 844 1816 veritatem
862 1755 945 1816 Deus
965 1775 1014 1817 re·

59 1860 174 1939 quirit,
207 1863 237 1918 et
264 1848 435 1935 quotidiana
455 1856 588 1961 exempla
610 1856 784 1935 ostendunt,
812 1875 888 1916 non
883 1858 1013 1957 impune

59 1982 149 2031 esse,
180 1959 207 2019 si
235 1961 302 2035 quis
329 1957 440 2034 adquid
466 1946 569 2018 contr'a
598 1956 711 2053 civilem
737 1957 891 2019 veritatem
912 1958 1011 2033 sociat·

61 2060 128 2121 Sed
152 2077 249 2134 neque
267 2076 346 2137 pura
367 2061 413 2117 est
426 2054 507 2118 haec
527 2058 651 2129 veritas,
680 2059 705 2117 si
731 2062 849 2137 epactes
866 2056 1013 2137 judicium

60 2162 129 2232 Dei,
153 2159 277 2218 haerent
308 2158 385 2217 enim
414 2156 445 2215 in
474 2162 516 2217 es=
536 2156 631 2216 multa
657 2157 745 2217 foeda
765 2159 849 2230 vitia,
879 2162 909 2219 et
929 2158 1013 2219 Deus

61 2262 157 2340 longe
177 2258 318 2337 majorem
339 2238 492 2316 veritatem
505 2259 639 2333 requirit.
682 2257 750 2317 ldeo
772 2257 868 2318 addit:
894 2258 947 2317 Τιι
966 2258 1013 2319 'di-

62 2361 135 2441 ligis
169 2377 234 2417 eam
264 2357 435 2426 veritatem,
465 2374 542 2432 quoe
572 2356 602 2415 in
635 2356 806 2418 abscondito
835 2361 894 2429 est,
927 2360 1012 2434 quasi

65 2460 164 2519 dicat:
206 2456 323 2515 Veritas
352 2454 485 2534 politica,
517 2446 592 2531 quae
621 2457 652 2514 iu
683 2456 792 2517 mundo
824 2460 884 2528 est,
912 2461 1013 2536 potest

65 2558 231 2637 praestari,
259 2559 289 2614 et
318 2554 493 2634 intelligitur
526 2554 630 2631 saltem
659 2556 695 2614 ab
726 2556 901 2617 hominibus.
942 2557 1011 2627 ldeo
1063 2552 1071 2623 ’,

66 2656 230 2729 Aristides,
251 2654 430 2733 Pomponius
461 2655 560 2733 magni
580 2655 703 2714 nominis
723 2656 807 2716 fuere
833 2658 912 2716 inter
931 2674 1011 2719 suos.

66 2758 202 2817 Econtra
221 2753 358 2813 eudimus
375 2753 562 2832 quotidianos
576 2752 712 2829 querelas
727 2755 764 2813 de
778 2756 910 2834 perfidia,
931 2777 1012 2818 men-

68 2857 163 2937 daciis
186 2859 216 2914 ct
235 2853 407 2924 fraudibus,
440 2853 547 2929 quibus
567 2854 698 2913 homines
724 2856 801 2915 inter
821 2876 854 2914 se
875 2861 1011 2921 utuntur.

68 2957 133 3017 Sed
174 2956 225 3015 illa
252 2954 377 3025 veritas,
421 2970 509 3029 quom
537 2951 620 3013 Deus
649 2953 759 3032 diligit,
780 2974 838 3014 Ιιιι
874 2974 932 3015 non
965 2964 1011 3018 est

69 3060 111 3115 ite
133 3056 265 3134 exposita
285 3052 385 3122 oculis,
407 3052 460 3111 sed
481 3057 527 3111 est
547 3056 577 3111 in
593 3054 764 3113 abscondito
786 3054 908 3115 etletet.
930 3057 1013 3138 Ergo

70 3154 291 3224 lish'omet,etsi
299 3152 419 3231 politice
427 3152 531 3213 luisset
539 3171 635 3223 verus,
656 3152 756 3213 tamen
768 3172 866 3213 coram
878 3156 941 3217 lieo
955 3160 1012 3219 fuit

69 3254 203 3313 mendax.
244 3251 308 3330 Ego
339 3253 394 3311 etsi
424 3271 494 3311 rere
527 3258 557 3310 et
593 3253 656 3312 sine
682 3253 749 3311 suco
780 3258 941 3325 monachus
968 3260 1011 3319 sui

70 3356 162 3434 (pono
191 3355 268 3411 enim
286 3370 333 3409 me
354 3370 444 3430 saepe
473 3352 504 3409 io
536 3352 714 3431 exemplum,
747 3355 824 3411 sicut
845 3356 956 3418 Paulus
977 3379 1011 3419 so

71 3471 138 3513 rere
159 3453 350 3532 pharisaeum
367 3452 459 3511 luisse
481 3453 617 3528 scribit),
646 3456 744 3513 tamen
765 3471 864 3513 coram
884 3456 947 3515 lieo
968 3459 1011 3516 ini

70 3553 194 3613 mendax
226 3556 349 3631 propter
380 3553 619 3630 superstitionem
653 3556 683 3611 ct
708 3551 892 3633 hypocrisin,
923 3574 1011 3631 quern

70 3674 129 3715 non
160 3653 303 3711 ridebam.
353 3652 481 3711 Latebat
514 3653 590 3711 enim
623 3654 795 3712 abscondita
825 3655 881 3714 sub
908 3655 1011 3733 specie
