2190 4064
75 248 79 252 ⁵
108 282 150 341 26
309 265 312 279 ’
472 279 681 343 Enarratio
776 293 779 299 ’

192 431 232 490 Ut
264 432 355 511 igitur
386 431 460 491 haec
480 438 566 495 recte
590 435 808 514 intelligantur,
829 437 936 498 Deum
956 440 1060 503 odisse

106 536 296 611 peccatores,
317 534 347 590 et
367 550 466 593 amara
484 522 599 611 justos,¹
616 535 765 594 distinctio
787 536 923 598 iacienda
944 540 1060 601 estiu-

105 636 153 690 ter
174 636 360 710 peccatorem
376 630 559 694 'sentientem
579 639 711 714 peccata,
736 641 766 695 et
785 627 975 715 peccatorem
997 661 1059 702 non

104 733 281 793 sentientem
302 737 427 812 peccata
448 754 510 809 sua.
534 737 704 796 (irationem
724 740 890 815 peccatoris
908 760 968 799 non
990 762 1059 802 aen-

97 835 206 897 .tientis
228 839 354 913 peccata
388 854 443 894 sua
469 835 551 913 Deus
582 856 640 897 uon
672 838 748 908 vult,
781 841 926 914 quiahoc
946 843 1056 921 ipsum,

105 935 186 1011 quod
206 939 282 1006 orat,
302 955 361 994 non
380 936 520 1015 intelligit
538 956 603 996 nec
626 937 695 996 vult.
741 940 792 998 Sic
809 943 981 1014 monachus,
1003 947 1055 1021 qui

103 1038 135 1095 in
156 1037 376 1115 superstitione·
395 1039 561 1109 saevivit,
592 1055 682 1116 saepe
713 1040 793 1098 canit
821 1044 851 1098 et
865 1046 1053 1105 murmurat:

102 1136 264 1207 ‚Miserere
282 1136 340 1196 mai
346 1136 428 1197 Deus
434 1130 461 1208 ,'“
468 1140 522 1198 sed
532 1140 602 1215 quia
611 1140 643 1196 in
656 1118 766 1197 fiducia
773 1141 913 1218 propriae
915 1142 1054 1219 justitiae

100 1238 183 1308 virtt,
203 1242 234 1298 et
249 1237 464 1297 immunditiam
480 1240 578 1298 cordis
594 1257 653 1297 uon
666 1239 763 1308 sentit,
784 1244 902 1299 tantum
921 1242 1052 1317 syllabas

96 1339 218 1409 recitat,
230 1357 292 1397 rem
302 1338 397 1417 ipsam
407 1357 463 1397 nec
473 1339 613 1417 inteltigit
633 1344 791 1418 necoptat.
821 1338 952 1400 Adhaec
966 1343 1051 1403 addit
1075 1338 1078 1343 ’

93 1441 252 1515 .contraria
268 1440 393 1498 orationi
402 1457 482 1509 suae,
496 1442 572 1518 petit
587 1441 712 1517 ignosci,
724 1442 801 1519 petit
808 1442 1050 1516 misericordiam,

102 1543 133 1599 et
147 1540 267 1601 interim
275 1540 340 1619 ipsa
348 1540 411 1618 jam
421 1540 477 1598 hoo
481 1539 543 1618 jam
555 1539 610 1598 alio
624 1540 710 1598 modo
726 1542 842 1616 quaerit
853 1544 1050 1620 expiationem

100 1642 219 1720 peccati
240 1645 272 1699 et
293 1640 533 1723 satisfactionem
564 1640 630 1699 Hoc
651 1659 720 1699 vero
742 1659 780 1699 an
801 1661 859 1701 uon
881 1648 929 1702 est
949 1644 1049 1722 palam

23 1784 26 1789 »
99 1740 164 1829 lico
185 1741 331 1801 illuderet
373 1741 502 1801 Perinde
530 1760 566 1801 ac
587 1743 612 1800 si
633 1741 698 1815 quis
726 1741 878 1800 mendicus
901 1741 1049 1803 clamosus

77 1842 275 1923 importunis
295 1844 416 1901 vocibus
437 1843 530 1902 instat
550 1860 605 1921 pro
620 1841 705 1918 stipe,
723 1844 752 1899 et
774 1859 840 1898 cum
854 1858 920 1901 cam
940 1843 1048 1919 aliquis

100 1941 217 2013 offerat,
249 1943 315 2020 ipse
350 1960 420 2001 suas
452 1961 541 2020 opes,
570 1942 626 2000 hoo
646 1941 941 2010 est‚·1nendioitatem
964 1962 1048 2002 suam

95 2041 200 2118 jactet,
222 2044 253 2099 et
272 2041 427 2099 manifeste
449 2040 595 2112 ostendat,
616 2059 649 2099 se
669 2024 727 2098 non
749 2039 882 2119 indigere
903 2043 990 2120 stipe.

62 2161 64 2166 ·
180 2141 232 2201 Sic
239 2140 348 2215 inimici
360 2136 503 2218 euangelii
514 2143 608 2199 verba·
618 2145 783 2212 numerant,
796 2136 860 2200 rem
873 2120 1046 2224 autemnon
1060 2160 1069 2197 ·.

97 2240 185 2301 modo
199 2240 447 2320 nouintelligunt,
468 2240 834 2319 sedroipsaoontrarinm
842 2241 1046 2313 faciunt,dum
1080 2298 1083 2307 .

96 2340 304 2401 varioscultas
324 2343 499 2425 suscipiunt,
521 2341 591 2400 dum
603 2328 751 2417 quaerunt
759 2341 963 2401 remissionem
974 2361 1045 2421 pec-

64 2488 68 2499 .
97 2447 232 2523 catorum
253 2444 350 2522 impiis
361 2443 467 2514 missis,
490 2440 785 2521 peregrinationibus,
809 2442 1044 2502 invocationibus

97 2548 269 2627 sanctorum
287 2548 344 2604 etc.
373 2543 466 2602 'Pales
492 2546 674 2621 peccatores,
697 2541 746 2617 qui
767 2546 942 2620 peccatores
964 2549 1043 2615 sunt,

95 2650 128 2705 et
149 2649 249 2705 tamen
269 2652 328 2704 nori
350 2645 482 2708 sentiunt
509 2662 542 2701 se
563 2658 628 2702 esse
649 2647 839 2720 peccatores,
870 2641 924 2700 scd
955 2661 1043 2721 prae-

96 2746 193 2804 meta
201 2724 300 2803 fronte
315 2746 524 2823 perrumpunt,
545 2762 578 2802 se
585 2741 761 2819 justificant,
776 2743 896 2800 verbum
904 2741 961 2800 Dei
972 2762 1041 2821 per·

96 2848 265 2925 sequuntur
286 2848 352 2915 etc,
373 2842 458 2912 tales,
479 2843 613 2918 inquam,
641 2820 748 2920 procul
768 2842 889 2900 arcendi
911 2845 1041 2903 suntab

96 2947 174 3006 omni
194 2924 455 3021 misericordiaet
475 2944 537 3001 irae
559 2942 639 3001 dieta
651 2944 693 3001 eis
705 2941 908 3021 proponenda,
931 2943 1041 3019 quibus

94 3046 176 3106 Deus
199 3064 258 3104 nou
277 3043 524 3112 misericordiam,
546 3042 600 3101 sed
620 3051 757 3101 aeternas
777 3044 1042 3121 minaturpoenas,
1083 3026 1088 3045 ³

94 3147 173 3205 sicut
194 3152 240 3204 est
262 3146 410 3205 sententia
430 3143 517 3221 primi
542 3143 711 3223 praecepti:
754 3141 837 3219 „Ego
870 3162 935 3201 sum
956 3143 1044 3223 Deus¹

93 3246 356 3317 celotesaiaitans
377 3245 562 3319 iniquitatem
583 3246 703 3321 patrum
724 3244 753 3299 in
774 3243 891 3301 tertiam
905 3246 936 3300 et
951 3262 1040 3318 quar-

93 3352 156 3409 tam
176 3345 424 3425 generationem.“
471 3341 668 3421 Proponenda
698 3342 785 3400 etiarn
806 3346 877 3401 sunt
905 3342 1039 3422 exempla

17 3428 24 3453 ¹
92 3450 164 3519 irae,
184 3444 323 3506 interitus
345 3424 546 3512 Sodomorum,
569 3442 669 3500 diluvii
684 3459 775 3520 super
788 3460 902 3500 omnem
918 3461 1038 3502 carnem

94 3549 211 3618 effusio,
233 3546 360 3624 direptio
381 3530 487 3622 populi
505 3543 609 3611 sancti,
631 3551 661 3600 et
682 3542 706 3600 si
728 3560 788 3617 qua
807 3541 866 3600 alia
885 3542 1037 3606 horribilia

95 3634 218 3729 spectra
233 3646 339 3725 judicii
361 3648 392 3703 et
412 3645 473 3702 irae
481 3641 537 3701 Dei
557 3643 588 3699 in
609 3643 766 3720 scripturis
787 3644 919 3712 exstant,
941 3642 1037 3701 utdc-

91 3749 241 3809 ducantur
261 3746 404 3806 insensati
426 3749 456 3802 et
476 3743 702 3821 impoenitentes
723 3744 896 3821 peccatores
919 3742 1036 3821 adcog-

231 3994 269 4040 ,A
