<?xml version="1.0" encoding="UTF-8"?>
<!DOCTYPE html PUBLIC "-//W3C//DTD XHTML 1.0 Transitional//EN"
    "http://www.w3.org/TR/xhtml1/DTD/xhtml1-transitional.dtd">
<html xmlns="http://www.w3.org/1999/xhtml" xml:lang="en" lang="en">
 <head>
  <title>
</title>
<meta http-equiv="Content-Type" content="text/html;charset=utf-8" />
  <meta name='ocr-system' content='tesseract 3.04.00' />
  <meta name='ocr-capabilities' content='ocr_page ocr_carea ocr_par ocr_line ocrx_word'/>
</head>
<body>
  <div class='ocr_page' id='page_1' title='image "./exegeticaoperal04luthgoog_0217.png"; bbox 0 0 2190 4064; ppageno 0'>
   <div class='ocr_carea' id='block_1_1' title="bbox 68 244 702 311">
    <p class='ocr_par' dir='ltr' id='par_1_1' title="bbox 68 244 702 311">
     <span class='ocr_line' id='line_1_1' title="bbox 68 244 702 311; baseline -0.006 0"><span class='ocrx_word' id='word_1_1' title='bbox 68 250 131 311; x_wconf 71' lang='lat' dir='ltr'>blb</span> <span class='ocrx_word' id='word_1_2' title='bbox 387 244 702 308; x_wconf 77' lang='lat' dir='ltr'>Praeleetiones</span> 
     </span>
    </p>
   </div>
   <div class='ocr_carea' id='block_1_2' title="bbox 67 398 933 3674">
    <p class='ocr_par' dir='ltr' id='par_1_2' title="bbox 69 398 933 1575">
     <span class='ocr_line' id='line_1_2' title="bbox 70 398 926 481; baseline 0.004 -20"><span class='ocrx_word' id='word_1_3' title='bbox 70 401 172 480; x_wconf 68' lang='lat' dir='ltr'>magni</span> <span class='ocrx_word' id='word_1_4' title='bbox 194 403 249 471; x_wconf 80' lang='lat' dir='ltr'>est,</span> <span class='ocrx_word' id='word_1_5' title='bbox 271 398 352 476; x_wconf 83' lang='lat' dir='ltr'>quod</span> <span class='ocrx_word' id='word_1_6' title='bbox 370 418 452 472; x_wconf 84' lang='lat' dir='ltr'>uror,</span> <span class='ocrx_word' id='word_1_7' title='bbox 476 399 556 478; x_wconf 79' lang='lat' dir='ltr'>qarod</span> <span class='ocrx_word' id='word_1_8' title='bbox 570 400 655 460; x_wconf 88' lang='lat' dir='ltr'>liberi</span> <span class='ocrx_word' id='word_1_9' title='bbox 671 402 726 463; x_wconf 89' lang='lat' dir='ltr'>libi</span> <span class='ocrx_word' id='word_1_10' title='bbox 741 404 926 481; x_wconf 69' lang='lat' dir='ltr'>perierunt!</span> 
     </span>
     <span class='ocr_line' id='line_1_3' title="bbox 71 499 928 583; baseline 0.002 -22"><span class='ocrx_word' id='word_1_11' title='bbox 71 503 171 578; x_wconf 73' lang='lat' dir='ltr'>magni</span> <span class='ocrx_word' id='word_1_12' title='bbox 193 504 252 570; x_wconf 83' lang='lat' dir='ltr'>est,</span> <span class='ocrx_word' id='word_1_13' title='bbox 277 499 356 575; x_wconf 85' lang='lat' dir='ltr'>quod</span> <span class='ocrx_word' id='word_1_14' title='bbox 379 505 462 559; x_wconf 90' lang='lat' dir='ltr'>tuum</span> <span class='ocrx_word' id='word_1_15' title='bbox 483 518 594 579; x_wconf 77' lang='lat' dir='ltr'>corpora</span> <span class='ocrx_word' id='word_1_16' title='bbox 615 505 646 560; x_wconf 87' lang='lat' dir='ltr'>et</span> <span class='ocrx_word' id='word_1_17' title='bbox 668 503 729 561; x_wconf 82' lang='lat' dir='ltr'>rita</span> <span class='ocrx_word' id='word_1_18' title='bbox 749 508 805 561; x_wconf 89' lang='lat' dir='ltr'>tna</span> <span class='ocrx_word' id='word_1_19' title='bbox 824 506 928 583; x_wconf 83' lang='lat' dir='ltr'>periti</span> 
     </span>
     <span class='ocr_line' id='line_1_4' title="bbox 72 597 933 683; baseline 0.002 -23"><span class='ocrx_word' id='word_1_20' title='bbox 72 603 150 661; x_wconf 88' lang='lat' dir='ltr'>onim</span> <span class='ocrx_word' id='word_1_21' title='bbox 164 619 199 657; x_wconf 92' lang='lat' dir='ltr'>ea</span> <span class='ocrx_word' id='word_1_22' title='bbox 214 604 268 670; x_wconf 81' lang='lat' dir='ltr'>est,</span> <span class='ocrx_word' id='word_1_23' title='bbox 291 603 314 658; x_wconf 78' lang='lat' dir='ltr'>si</span> <span class='ocrx_word' id='word_1_24' title='bbox 331 618 393 657; x_wconf 78' lang='lat' dir='ltr'>earn</span> <span class='ocrx_word' id='word_1_25' title='bbox 410 598 448 656; x_wconf 91' lang='lat' dir='ltr'>ad</span> <span class='ocrx_word' id='word_1_26' title='bbox 461 597 558 679; x_wconf 76' lang='lat' dir='ltr'>Derim</span> <span class='ocrx_word' id='word_1_27' title='bbox 574 604 604 658; x_wconf 86' lang='lat' dir='ltr'>et</span> <span class='ocrx_word' id='word_1_28' title='bbox 621 600 686 679; x_wconf 87' lang='lat' dir='ltr'>ejus</span> <span class='ocrx_word' id='word_1_29' title='bbox 707 604 836 680; x_wconf 61' lang='lat' dir='ltr'>[gratiam</span> <span class='ocrx_word' id='word_1_30' title='bbox 851 622 933 683; x_wconf 63' lang='lat' dir='ltr'>comp</span> 
     </span>
     <span class='ocr_line' id='line_1_5' title="bbox 71 699 930 775; baseline 0.005 -17"><span class='ocrx_word' id='word_1_31' title='bbox 71 700 217 759; x_wconf 81' lang='lat' dir='ltr'>Nimirum</span> <span class='ocrx_word' id='word_1_32' title='bbox 245 701 355 768; x_wconf 90' lang='lat' dir='ltr'>omnia,</span> <span class='ocrx_word' id='word_1_33' title='bbox 383 718 460 775; x_wconf 83' lang='lat' dir='ltr'>quae</span> <span class='ocrx_word' id='word_1_34' title='bbox 486 699 629 760; x_wconf 87' lang='lat' dir='ltr'>habemus</span> <span class='ocrx_word' id='word_1_35' title='bbox 652 706 681 759; x_wconf 84' lang='lat' dir='ltr'>ei</span> <span class='ocrx_word' id='word_1_36' title='bbox 708 718 828 774; x_wconf 74' lang='lat' dir='ltr'>sortione,</span> <span class='ocrx_word' id='word_1_37' title='bbox 857 720 930 763; x_wconf 81' lang='lat' dir='ltr'>vere</span> 
     </span>
     <span class='ocr_line' id='line_1_6' title="bbox 72 799 931 881; baseline 0.005 -23"><span class='ocrx_word' id='word_1_38' title='bbox 72 804 216 876; x_wconf 86' lang='lat' dir='ltr'>qunetum</span> <span class='ocrx_word' id='word_1_39' title='bbox 237 799 486 871; x_wconf 79' lang='lat' dir='ltr'>mathematicum,</span> <span class='ocrx_word' id='word_1_40' title='bbox 509 799 619 858; x_wconf 83' lang='lat' dir='ltr'>collata</span> <span class='ocrx_word' id='word_1_41' title='bbox 640 800 677 858; x_wconf 92' lang='lat' dir='ltr'>ad</span> <span class='ocrx_word' id='word_1_42' title='bbox 698 800 796 860; x_wconf 88' lang='lat' dir='ltr'>Deum</span> <span class='ocrx_word' id='word_1_43' title='bbox 814 805 845 861; x_wconf 86' lang='lat' dir='ltr'>el</span> <span class='ocrx_word' id='word_1_44' title='bbox 864 802 931 881; x_wconf 84' lang='lat' dir='ltr'>ejus</span> 
     </span>
     <span class='ocr_line' id='line_1_7' title="bbox 70 898 933 980; baseline 0.003 -21"><span class='ocrx_word' id='word_1_45' title='bbox 70 916 149 980; x_wconf 80' lang='lat' dir='ltr'>puas</span> <span class='ocrx_word' id='word_1_46' title='bbox 171 901 202 957; x_wconf 86' lang='lat' dir='ltr'>in</span> <span class='ocrx_word' id='word_1_47' title='bbox 222 901 312 958; x_wconf 85' lang='lat' dir='ltr'>rerba</span> <span class='ocrx_word' id='word_1_48' title='bbox 333 900 491 977; x_wconf 80' lang='lat' dir='ltr'>promittit.</span> <span class='ocrx_word' id='word_1_49' title='bbox 533 898 615 979; x_wconf 77' lang='lat' dir='ltr'>Ergo</span> <span class='ocrx_word' id='word_1_50' title='bbox 638 902 666 957; x_wconf 91' lang='lat' dir='ltr'>in</span> <span class='ocrx_word' id='word_1_51' title='bbox 687 900 762 959; x_wconf 82' lang='lat' dir='ltr'>baec</span> <span class='ocrx_word' id='word_1_52' title='bbox 782 902 933 963; x_wconf 86' lang='lat' dir='ltr'>intueamu</span> 
     </span>
     <span class='ocr_line' id='line_1_8' title="bbox 71 998 932 1081; baseline 0.003 -23"><span class='ocrx_word' id='word_1_53' title='bbox 71 999 220 1058; x_wconf 84' lang='lat' dir='ltr'>discamus</span> <span class='ocrx_word' id='word_1_54' title='bbox 240 1000 273 1056; x_wconf 92' lang='lat' dir='ltr'>in</span> <span class='ocrx_word' id='word_1_55' title='bbox 291 998 456 1057; x_wconf 70' lang='lat' dir='ltr'>tentatione</span> <span class='ocrx_word' id='word_1_56' title='bbox 476 1002 559 1057; x_wconf 83' lang='lat' dir='ltr'>reete</span> <span class='ocrx_word' id='word_1_57' title='bbox 582 999 718 1059; x_wconf 81' lang='lat' dir='ltr'>dividere</span> <span class='ocrx_word' id='word_1_58' title='bbox 748 1007 803 1060; x_wconf 88' lang='lat' dir='ltr'>s&#39;eu</span> <span class='ocrx_word' id='word_1_59' title='bbox 825 1002 932 1081; x_wconf 77' lang='lat' dir='ltr'>&#39;diatim</span> 
     </span>
     <span class='ocr_line' id='line_1_9' title="bbox 71 1097 932 1179; baseline -0.001 -22"><span class='ocrx_word' id='word_1_60' title='bbox 71 1097 196 1179; x_wconf 80' lang='lat' dir='ltr'>nempe‘,</span> <span class='ocrx_word' id='word_1_61' title='bbox 226 1097 307 1175; x_wconf 90' lang='lat' dir='ltr'>quod</span> <span class='ocrx_word' id='word_1_62' title='bbox 328 1097 449 1158; x_wconf 83' lang='lat' dir='ltr'>afflictio</span> <span class='ocrx_word' id='word_1_63' title='bbox 475 1103 506 1158; x_wconf 83' lang='lat' dir='ltr'>et</span> <span class='ocrx_word' id='word_1_64' title='bbox 528 1117 600 1159; x_wconf 82' lang='lat' dir='ltr'>crux</span> <span class='ocrx_word' id='word_1_65' title='bbox 629 1100 659 1157; x_wconf 92' lang='lat' dir='ltr'>in</span> <span class='ocrx_word' id='word_1_66' title='bbox 689 1118 735 1172; x_wconf 87' lang='lat' dir='ltr'>se,</span> <span class='ocrx_word' id='word_1_67' title='bbox 763 1101 821 1162; x_wconf 87' lang='lat' dir='ltr'>boe</span> <span class='ocrx_word' id='word_1_68' title='bbox 840 1106 901 1173; x_wconf 82' lang='lat' dir='ltr'>est,</span> <span class='ocrx_word' id='word_1_69' title='bbox 928 1126 932 1156; x_wconf 70' lang='grc' dir='ltr'>ι</span> 
     </span>
     <span class='ocr_line' id='line_1_10' title="bbox 73 1197 932 1276; baseline 0.001 -17"><span class='ocrx_word' id='word_1_70' title='bbox 73 1218 194 1259; x_wconf 81' lang='lat' dir='ltr'>earnem</span> <span class='ocrx_word' id='word_1_71' title='bbox 215 1203 246 1258; x_wconf 84' lang='lat' dir='ltr'>et</span> <span class='ocrx_word' id='word_1_72' title='bbox 267 1217 388 1257; x_wconf 89' lang='lat' dir='ltr'>sensum</span> <span class='ocrx_word' id='word_1_73' title='bbox 410 1197 508 1258; x_wconf 87' lang='lat' dir='ltr'>cordis</span> <span class='ocrx_word' id='word_1_74' title='bbox 523 1198 627 1271; x_wconf 88' lang='lat' dir='ltr'>nostri,</span> <span class='ocrx_word' id='word_1_75' title='bbox 650 1203 696 1259; x_wconf 85' lang='lat' dir='ltr'>est</span> <span class='ocrx_word' id='word_1_76' title='bbox 710 1200 851 1276; x_wconf 82' lang='lat' dir='ltr'><strong>quiddam</strong></span> <span class='ocrx_word' id='word_1_77' title='bbox 867 1201 932 1261; x_wconf 86' lang='lat' dir='ltr'>infin</span> 
     </span>
     <span class='ocr_line' id='line_1_11' title="bbox 73 1296 932 1370; baseline 0.006 -12"><span class='ocrx_word' id='word_1_78' title='bbox 73 1300 106 1358; x_wconf 90' lang='lat' dir='ltr'>Si</span> <span class='ocrx_word' id='word_1_79' title='bbox 128 1300 206 1359; x_wconf 90' lang='lat' dir='ltr'>enim</span> <span class='ocrx_word' id='word_1_80' title='bbox 228 1298 367 1358; x_wconf 79' lang='lat' dir='ltr'>Glrrisius</span> <span class='ocrx_word' id='word_1_81' title='bbox 389 1301 419 1357; x_wconf 82' lang='lat' dir='ltr'>et</span> <span class='ocrx_word' id='word_1_82' title='bbox 439 1296 521 1357; x_wconf 87' lang='lat' dir='ltr'>Deus</span> <span class='ocrx_word' id='word_1_83' title='bbox 535 1298 617 1357; x_wconf 83' lang='lat' dir='ltr'>nihil</span> <span class='ocrx_word' id='word_1_84' title='bbox 644 1303 705 1370; x_wconf 80' lang='lat' dir='ltr'>est,</span> <span class='ocrx_word' id='word_1_85' title='bbox 734 1301 823 1359; x_wconf 89' lang='lat' dir='ltr'>etiam</span> <span class='ocrx_word' id='word_1_86' title='bbox 845 1301 932 1363; x_wconf 76' lang='lat' dir='ltr'>leriae</span> 
     </span>
     <span class='ocr_line' id='line_1_12' title="bbox 70 1398 932 1479; baseline 0.006 -22"><span class='ocrx_word' id='word_1_87' title='bbox 70 1398 183 1459; x_wconf 86' lang='lat' dir='ltr'>malum</span> <span class='ocrx_word' id='word_1_88' title='bbox 204 1418 223 1459; x_wconf 86' lang='lat' dir='ltr'>a</span> <span class='ocrx_word' id='word_1_89' title='bbox 244 1398 330 1459; x_wconf 86' lang='lat' dir='ltr'>nobis</span> <span class='ocrx_word' id='word_1_90' title='bbox 350 1415 410 1458; x_wconf 87' lang='lat' dir='ltr'>non</span> <span class='ocrx_word' id='word_1_91' title='bbox 428 1400 533 1477; x_wconf 87' lang='lat' dir='ltr'>posset</span> <span class='ocrx_word' id='word_1_92' title='bbox 552 1398 646 1469; x_wconf 86' lang='lat' dir='ltr'>vinei,</span> <span class='ocrx_word' id='word_1_93' title='bbox 674 1398 729 1459; x_wconf 88' lang='lat' dir='ltr'>sed</span> <span class='ocrx_word' id='word_1_94' title='bbox 757 1402 932 1479; x_wconf 85' lang='lat' dir='ltr'>opprimeret</span> 
     </span>
     <span class='ocr_line' id='line_1_13' title="bbox 69 1497 890 1575; baseline -0.001 -12"><span class='ocrx_word' id='word_1_95' title='bbox 69 1497 121 1563; x_wconf 74' lang='lat' dir='ltr'>Ad</span> <span class='ocrx_word' id='word_1_96' title='bbox 140 1500 221 1561; x_wconf 86' lang='lat' dir='ltr'>hunc</span> <span class='ocrx_word' id='word_1_97' title='bbox 240 1498 361 1559; x_wconf 91' lang='lat' dir='ltr'>modum</span> <span class='ocrx_word' id='word_1_98' title='bbox 382 1497 503 1575; x_wconf 82' lang='lat' dir='ltr'><strong>quaevis</strong></span> <span class='ocrx_word' id='word_1_99' title='bbox 524 1497 677 1559; x_wconf 85' lang='lat' dir='ltr'>calamitas</span> <span class='ocrx_word' id='word_1_100' title='bbox 699 1504 746 1557; x_wconf 81' lang='lat' dir='ltr'>est</span> <span class='ocrx_word' id='word_1_101' title='bbox 766 1498 890 1562; x_wconf 86' lang='lat' dir='ltr'>infinita.</span> 
     </span>
    </p>

    <p class='ocr_par' dir='ltr' id='par_1_3' title="bbox 67 1596 932 3356">
     <span class='ocr_line' id='line_1_14' title="bbox 155 1596 912 1676; baseline 0.005 -17"><span class='ocrx_word' id='word_1_102' title='bbox 155 1600 218 1661; x_wconf 86' lang='lat' dir='ltr'>Sed</span> <span class='ocrx_word' id='word_1_103' title='bbox 238 1618 277 1659; x_wconf 89' lang='lat' dir='ltr'>an</span> <span class='ocrx_word' id='word_1_104' title='bbox 297 1616 355 1659; x_wconf 91' lang='lat' dir='ltr'>non</span> <span class='ocrx_word' id='word_1_105' title='bbox 375 1596 563 1658; x_wconf 80' lang='lat' dir='ltr'>mendacium</span> <span class='ocrx_word' id='word_1_106' title='bbox 585 1602 646 1670; x_wconf 81' lang='lat' dir='ltr'>est,</span> <span class='ocrx_word' id='word_1_107' title='bbox 675 1597 754 1676; x_wconf 87' lang='lat' dir='ltr'>quod</span> <span class='ocrx_word' id='word_1_108' title='bbox 774 1597 859 1661; x_wconf 87' lang='lat' dir='ltr'>Deus</span> <span class='ocrx_word' id='word_1_109' title='bbox 880 1606 912 1663; x_wconf 80' lang='lat' dir='ltr'>et</span> 
     </span>
     <span class='ocr_line' id='line_1_15' title="bbox 72 1695 931 1776; baseline 0.001 -15"><span class='ocrx_word' id='word_1_110' title='bbox 72 1706 138 1761; x_wconf 83' lang='lat' dir='ltr'>stus</span> <span class='ocrx_word' id='word_1_111' title='bbox 159 1699 234 1758; x_wconf 82' lang='lat' dir='ltr'>nihil</span> <span class='ocrx_word' id='word_1_112' title='bbox 254 1701 308 1771; x_wconf 85' lang='lat' dir='ltr'>sit,</span> <span class='ocrx_word' id='word_1_113' title='bbox 330 1703 383 1759; x_wconf 86' lang='lat' dir='ltr'>aut</span> <span class='ocrx_word' id='word_1_114' title='bbox 403 1716 551 1774; x_wconf 87' lang='lat' dir='ltr'>nusquam</span> <span class='ocrx_word' id='word_1_115' title='bbox 571 1697 632 1757; x_wconf 83' lang='lat' dir='ltr'>siti</span> <span class='ocrx_word' id='word_1_116' title='bbox 662 1699 694 1755; x_wconf 78' lang='lat' dir='ltr'>iii</span> <span class='ocrx_word' id='word_1_117' title='bbox 716 1698 809 1776; x_wconf 72' lang='lat' dir='ltr'>igitur</span> <span class='ocrx_word' id='word_1_118' title='bbox 830 1695 931 1762; x_wconf 77' lang='lat' dir='ltr'>rivit&#39;t</span> 
     </span>
     <span class='ocr_line' id='line_1_16' title="bbox 71 1798 932 1872; baseline 0 -12"><span class='ocrx_word' id='word_1_119' title='bbox 71 1800 154 1860; x_wconf 85' lang='lat' dir='ltr'>Ileus</span> <span class='ocrx_word' id='word_1_120' title='bbox 183 1804 214 1857; x_wconf 85' lang='lat' dir='ltr'>et</span> <span class='ocrx_word' id='word_1_121' title='bbox 242 1798 395 1870; x_wconf 73' lang='lat' dir='ltr'>Gloriatus,</span> <span class='ocrx_word' id='word_1_122' title='bbox 428 1799 507 1857; x_wconf 83' lang='lat' dir='ltr'>sicut</span> <span class='ocrx_word' id='word_1_123' title='bbox 533 1815 601 1857; x_wconf 85' lang='lat' dir='ltr'>esse</span> <span class='ocrx_word' id='word_1_124' title='bbox 633 1815 756 1857; x_wconf 86' lang='lat' dir='ltr'>necesse</span> <span class='ocrx_word' id='word_1_125' title='bbox 785 1804 846 1872; x_wconf 81' lang='lat' dir='ltr'>est,</span> <span class='ocrx_word' id='word_1_126' title='bbox 885 1820 932 1862; x_wconf 83' lang='lat' dir='ltr'>aar</span> 
     </span>
     <span class='ocr_line' id='line_1_17' title="bbox 72 1897 931 1976; baseline 0.001 -17"><span class='ocrx_word' id='word_1_127' title='bbox 72 1898 208 1959; x_wconf 84' lang='lat' dir='ltr'>absolute</span> <span class='ocrx_word' id='word_1_128' title='bbox 227 1897 422 1976; x_wconf 83' lang='lat' dir='ltr'>judicandum</span> <span class='ocrx_word' id='word_1_129' title='bbox 445 1897 609 1957; x_wconf 87' lang='lat' dir='ltr'>seeundum</span> <span class='ocrx_word' id='word_1_130' title='bbox 630 1916 681 1957; x_wconf 85' lang='lat' dir='ltr'>cor</span> <span class='ocrx_word' id='word_1_131' title='bbox 702 1901 836 1958; x_wconf 86' lang='lat' dir='ltr'>nostrum</span> <span class='ocrx_word' id='word_1_132' title='bbox 858 1899 897 1960; x_wconf 87' lang='lat' dir='ltr'>de</span> <span class='ocrx_word' id='word_1_133' title='bbox 923 1919 931 1960; x_wconf 81' lang='lat' dir='ltr'>t</span> 
     </span>
     <span class='ocr_line' id='line_1_18' title="bbox 72 1996 929 2076; baseline 0.001 -18"><span class='ocrx_word' id='word_1_134' title='bbox 72 1999 126 2059; x_wconf 86' lang='lat' dir='ltr'>sed</span> <span class='ocrx_word' id='word_1_135' title='bbox 148 1997 311 2057; x_wconf 84' lang='lat' dir='ltr'>secundnm</span> <span class='ocrx_word' id='word_1_136' title='bbox 330 1996 602 2076; x_wconf 80' lang='lat' dir='ltr'>praedicamentum</span> <span class='ocrx_word' id='word_1_137' title='bbox 624 1997 790 2071; x_wconf 79' lang='lat' dir='ltr'>relationis,</span> <span class='ocrx_word' id='word_1_138' title='bbox 819 1998 877 2059; x_wconf 87' lang='lat' dir='ltr'>boc</span> <span class='ocrx_word' id='word_1_139' title='bbox 897 2017 929 2059; x_wconf 84' lang='lat' dir='ltr'>es</span> 
     </span>
     <span class='ocr_line' id='line_1_19' title="bbox 72 2093 931 2178; baseline 0 -21"><span class='ocrx_word' id='word_1_140' title='bbox 72 2096 252 2158; x_wconf 86' lang='lat' dir='ltr'>eonferenda</span> <span class='ocrx_word' id='word_1_141' title='bbox 273 2114 341 2154; x_wconf 79' lang='lat' dir='ltr'>earm</span> <span class='ocrx_word' id='word_1_142' title='bbox 360 2095 417 2155; x_wconf 82' lang='lat' dir='ltr'>liei</span> <span class='ocrx_word' id='word_1_143' title='bbox 438 2093 561 2153; x_wconf 80' lang='lat' dir='ltr'>auxilio:</span> <span class='ocrx_word' id='word_1_144' title='bbox 593 2097 636 2155; x_wconf 89' lang='lat' dir='ltr'>ita</span> <span class='ocrx_word' id='word_1_145' title='bbox 657 2097 723 2169; x_wconf 86' lang='lat' dir='ltr'>fiet,</span> <span class='ocrx_word' id='word_1_146' title='bbox 745 2101 780 2157; x_wconf 85' lang='lat' dir='ltr'>ut</span> <span class='ocrx_word' id='word_1_147' title='bbox 799 2098 931 2178; x_wconf 78' lang='lat' dir='ltr'>praedict</span> 
     </span>
     <span class='ocr_line' id='line_1_20' title="bbox 72 2182 931 2274; baseline 0 -16"><span class='ocrx_word' id='word_1_148' title='bbox 72 2204 137 2259; x_wconf 92' lang='lat' dir='ltr'>tum</span> <span class='ocrx_word' id='word_1_149' title='bbox 165 2197 341 2274; x_wconf 80' lang='lat' dir='ltr'>quantitatis</span> <span class='ocrx_word' id='word_1_150' title='bbox 370 2199 467 2255; x_wconf 83' lang='lat' dir='ltr'>totum</span> <span class='ocrx_word' id='word_1_151' title='bbox 493 2182 698 2256; x_wconf 75' lang='lat' dir='ltr'>absorbeatur.</span> <span class='ocrx_word' id='word_1_152' title='bbox 741 2197 886 2258; x_wconf 82' lang='lat' dir='ltr'>Tantalio</span> <span class='ocrx_word' id='word_1_153' title='bbox 914 2218 931 2258; x_wconf 88' lang='lat' dir='ltr'>u</span> 
     </span>
     <span class='ocr_line' id='line_1_21' title="bbox 72 2293 930 2377; baseline -0.003 -17"><span class='ocrx_word' id='word_1_154' title='bbox 72 2303 119 2360; x_wconf 86' lang='lat' dir='ltr'>est</span> <span class='ocrx_word' id='word_1_155' title='bbox 141 2299 171 2356; x_wconf 91' lang='lat' dir='ltr'>in</span> <span class='ocrx_word' id='word_1_156' title='bbox 193 2316 282 2357; x_wconf 86' lang='lat' dir='ltr'>earne</span> <span class='ocrx_word' id='word_1_157' title='bbox 303 2298 440 2369; x_wconf 83' lang='lat' dir='ltr'><strong>morbus,</strong></span> <span class='ocrx_word' id='word_1_158' title='bbox 471 2293 657 2355; x_wconf 84' lang='lat' dir='ltr'>intolerabile</span> <span class='ocrx_word' id='word_1_159' title='bbox 678 2302 724 2357; x_wconf 86' lang='lat' dir='ltr'>est</span> <span class='ocrx_word' id='word_1_160' title='bbox 743 2300 832 2371; x_wconf 87' lang='lat' dir='ltr'>mori,</span> <span class='ocrx_word' id='word_1_161' title='bbox 862 2298 930 2377; x_wconf 80' lang='lat' dir='ltr'>proj</span> 
     </span>
     <span class='ocr_line' id='line_1_22' title="bbox 72 2397 930 2482; baseline -0.001 -22"><span class='ocrx_word' id='word_1_162' title='bbox 72 2402 173 2482; x_wconf 70' lang='lat' dir='ltr'>ignem</span> <span class='ocrx_word' id='word_1_163' title='bbox 195 2402 268 2469; x_wconf 76' lang='lat' dir='ltr'>eta,</span> <span class='ocrx_word' id='word_1_164' title='bbox 296 2416 436 2477; x_wconf 75' lang='lat' dir='ltr'>magnum</span> <span class='ocrx_word' id='word_1_165' title='bbox 457 2399 503 2456; x_wconf 83' lang='lat' dir='ltr'>est</span> <span class='ocrx_word' id='word_1_166' title='bbox 524 2397 660 2455; x_wconf 88' lang='lat' dir='ltr'>amittere</span> <span class='ocrx_word' id='word_1_167' title='bbox 679 2416 815 2469; x_wconf 82' lang='lat' dir='ltr'>uxorem,</span> <span class='ocrx_word' id='word_1_168' title='bbox 843 2397 930 2459; x_wconf 83' lang='lat' dir='ltr'>libero</span> 
     </span>
     <span class='ocr_line' id='line_1_23' title="bbox 72 2495 930 2576; baseline -0.007 -14"><span class='ocrx_word' id='word_1_169' title='bbox 72 2505 190 2562; x_wconf 83' lang='lat' dir='ltr'>tantum</span> <span class='ocrx_word' id='word_1_170' title='bbox 211 2500 293 2559; x_wconf 82' lang='lat' dir='ltr'>inte</span> <span class='ocrx_word' id='word_1_171' title='bbox 315 2496 474 2557; x_wconf 86' lang='lat' dir='ltr'>intuearis:</span> <span class='ocrx_word' id='word_1_172' title='bbox 493 2495 547 2557; x_wconf 80' lang='lat' dir='ltr'>aed</span> <span class='ocrx_word' id='word_1_173' title='bbox 568 2497 767 2576; x_wconf 81' lang='lat' dir='ltr'>comparative</span> <span class='ocrx_word' id='word_1_174' title='bbox 787 2496 930 2557; x_wconf 74' lang='lat' dir='ltr'>baccinis</span> 
     </span>
     <span class='ocr_line' id='line_1_24' title="bbox 73 2596 930 2678; baseline -0.004 -20"><span class='ocrx_word' id='word_1_175' title='bbox 73 2604 157 2671; x_wconf 85' lang='lat' dir='ltr'>sunt,</span> <span class='ocrx_word' id='word_1_176' title='bbox 192 2604 333 2678; x_wconf 82' lang='lat' dir='ltr'>respectu</span> <span class='ocrx_word' id='word_1_177' title='bbox 354 2597 411 2657; x_wconf 84' lang='lat' dir='ltr'>bei</span> <span class='ocrx_word' id='word_1_178' title='bbox 438 2598 661 2678; x_wconf 83' lang='lat' dir='ltr'>omnipotentis,</span> <span class='ocrx_word' id='word_1_179' title='bbox 690 2596 769 2674; x_wconf 89' lang='lat' dir='ltr'>quod</span> <span class='ocrx_word' id='word_1_180' title='bbox 791 2596 848 2655; x_wconf 87' lang='lat' dir='ltr'>etsi</span> <span class='ocrx_word' id='word_1_181' title='bbox 869 2598 930 2656; x_wconf 85' lang='lat' dir='ltr'>ami</span> 
     </span>
     <span class='ocr_line' id='line_1_25' title="bbox 72 2695 930 2776; baseline 0.002 -20"><span class='ocrx_word' id='word_1_182' title='bbox 72 2698 162 2768; x_wconf 89' lang='lat' dir='ltr'>baec,</span> <span class='ocrx_word' id='word_1_183' title='bbox 190 2701 290 2756; x_wconf 89' lang='lat' dir='ltr'>tamen</span> <span class='ocrx_word' id='word_1_184' title='bbox 311 2698 393 2757; x_wconf 76' lang='lat' dir='ltr'>lions</span> <span class='ocrx_word' id='word_1_185' title='bbox 413 2698 512 2757; x_wconf 80' lang='lat' dir='ltr'>adbuc</span> <span class='ocrx_word' id='word_1_186' title='bbox 531 2702 637 2776; x_wconf 76' lang='lat' dir='ltr'>regnat</span> <span class='ocrx_word' id='word_1_187' title='bbox 658 2715 694 2756; x_wconf 86' lang='lat' dir='ltr'>ac</span> <span class='ocrx_word' id='word_1_188' title='bbox 714 2696 801 2769; x_wconf 81' lang='lat' dir='ltr'>vivit,</span> <span class='ocrx_word' id='word_1_189' title='bbox 830 2695 882 2772; x_wconf 71' lang='lat' dir='ltr'>oui</span> <span class='ocrx_word' id='word_1_190' title='bbox 903 2701 930 2758; x_wconf 85' lang='lat' dir='ltr'>el</span> 
     </span>
     <span class='ocr_line' id='line_1_26' title="bbox 71 2796 927 2877; baseline 0 -21"><span class='ocrx_word' id='word_1_191' title='bbox 71 2796 221 2856; x_wconf 87' lang='lat' dir='ltr'>modicum</span> <span class='ocrx_word' id='word_1_192' title='bbox 241 2796 332 2877; x_wconf 72' lang='lat' dir='ltr'>afiligi</span> <span class='ocrx_word' id='word_1_193' title='bbox 354 2800 438 2872; x_wconf 88' lang='lat' dir='ltr'>sinit,</span> <span class='ocrx_word' id='word_1_194' title='bbox 467 2803 568 2857; x_wconf 85' lang='lat' dir='ltr'>tamen</span> <span class='ocrx_word' id='word_1_195' title='bbox 588 2815 642 2855; x_wconf 91' lang='lat' dir='ltr'>nos</span> <span class='ocrx_word' id='word_1_196' title='bbox 671 2797 761 2855; x_wconf 88' lang='lat' dir='ltr'>beare</span> <span class='ocrx_word' id='word_1_197' title='bbox 787 2796 862 2857; x_wconf 73' lang='lat' dir='ltr'>uult.</span> <span class='ocrx_word' id='word_1_198' title='bbox 906 2798 927 2856; x_wconf 91' lang='lat' dir='ltr'>S</span> 
     </span>
     <span class='ocr_line' id='line_1_27' title="bbox 71 2895 928 2971; baseline 0.001 -15"><span class='ocrx_word' id='word_1_199' title='bbox 71 2897 163 2956; x_wconf 88' lang='lat' dir='ltr'>Esaia</span> <span class='ocrx_word' id='word_1_200' title='bbox 184 2897 271 2956; x_wconf 84' lang='lat' dir='ltr'>dicit:</span> <span class='ocrx_word' id='word_1_201' title='bbox 299 2896 364 2968; x_wconf 78' lang='lat' dir='ltr'>„Ad</span> <span class='ocrx_word' id='word_1_202' title='bbox 395 2899 574 2955; x_wconf 88' lang='lat' dir='ltr'>momentum</span> <span class='ocrx_word' id='word_1_203' title='bbox 596 2895 741 2971; x_wconf 83' lang='lat' dir='ltr'>dereliqui</span> <span class='ocrx_word' id='word_1_204' title='bbox 761 2899 820 2954; x_wconf 88' lang='lat' dir='ltr'>te.“</span> <span class='ocrx_word' id='word_1_205' title='bbox 861 2896 928 2957; x_wconf 87' lang='lat' dir='ltr'>lloc</span> 
     </span>
     <span class='ocr_line' id='line_1_28' title="bbox 70 2994 929 3071; baseline 0.002 -16"><span class='ocrx_word' id='word_1_206' title='bbox 70 3002 204 3056; x_wconf 85' lang='lat' dir='ltr'>mentum</span> <span class='ocrx_word' id='word_1_207' title='bbox 225 2998 306 3057; x_wconf 88' lang='lat' dir='ltr'>carni</span> <span class='ocrx_word' id='word_1_208' title='bbox 328 2996 446 3056; x_wconf 80' lang='lat' dir='ltr'>ridetur</span> <span class='ocrx_word' id='word_1_209' title='bbox 468 2994 614 3054; x_wconf 85' lang='lat' dir='ltr'>inlinitum</span> <span class='ocrx_word' id='word_1_210' title='bbox 636 2994 791 3071; x_wconf 87' lang='lat' dir='ltr'>quiddam,</span> <span class='ocrx_word' id='word_1_211' title='bbox 820 2996 874 3055; x_wconf 84' lang='lat' dir='ltr'>sed</span> <span class='ocrx_word' id='word_1_212' title='bbox 895 3002 929 3057; x_wconf 83' lang='lat' dir='ltr'>ul</span> 
     </span>
     <span class='ocr_line' id='line_1_29' title="bbox 71 3094 929 3174; baseline 0.003 -20"><span class='ocrx_word' id='word_1_213' title='bbox 71 3096 171 3154; x_wconf 86' lang='lat' dir='ltr'>caruis</span> <span class='ocrx_word' id='word_1_214' title='bbox 193 3096 269 3155; x_wconf 85' lang='lat' dir='ltr'>oculi</span> <span class='ocrx_word' id='word_1_215' title='bbox 291 3095 407 3154; x_wconf 79' lang='lat' dir='ltr'>fallunt.</span> <span class='ocrx_word' id='word_1_216' title='bbox 448 3095 543 3174; x_wconf 69' lang='lat' dir='ltr'>igitur</span> <span class='ocrx_word' id='word_1_217' title='bbox 562 3094 705 3173; x_wconf 82' lang='lat' dir='ltr'>judicium</span> <span class='ocrx_word' id='word_1_218' title='bbox 725 3096 893 3155; x_wconf 85' lang='lat' dir='ltr'>laciendum</span> <span class='ocrx_word' id='word_1_219' title='bbox 916 3118 929 3157; x_wconf 85' lang='lat' dir='ltr'>e</span> 
     </span>
     <span class='ocr_line' id='line_1_30' title="bbox 69 3192 914 3273; baseline 0.007 -21"><span class='ocrx_word' id='word_1_220' title='bbox 69 3196 314 3273; x_wconf 83' lang='lat' dir='ltr'>promissionibus</span> <span class='ocrx_word' id='word_1_221' title='bbox 335 3214 435 3255; x_wconf 88' lang='lat' dir='ltr'>rerum</span> <span class='ocrx_word' id='word_1_222' title='bbox 456 3192 661 3267; x_wconf 75' lang='lat' dir='ltr'>invisibilium,</span> <span class='ocrx_word' id='word_1_223' title='bbox 689 3198 720 3255; x_wconf 84' lang='lat' dir='ltr'>et</span> <span class='ocrx_word' id='word_1_224' title='bbox 740 3196 914 3272; x_wconf 81' lang='lat' dir='ltr'>videndum,</span> 
     </span>
     <span class='ocr_line' id='line_1_31' title="bbox 67 3292 499 3356; baseline 0.005 -4"><span class='ocrx_word' id='word_1_225' title='bbox 67 3292 151 3354; x_wconf 88' lang='lat' dir='ltr'>Deus</span> <span class='ocrx_word' id='word_1_226' title='bbox 172 3296 202 3352; x_wconf 88' lang='lat' dir='ltr'>in</span> <span class='ocrx_word' id='word_1_227' title='bbox 222 3298 313 3355; x_wconf 87' lang='lat' dir='ltr'>verbo</span> <span class='ocrx_word' id='word_1_228' title='bbox 335 3315 389 3356; x_wconf 83' lang='lat' dir='ltr'>suo</span> <span class='ocrx_word' id='word_1_229' title='bbox 410 3296 499 3355; x_wconf 70' lang='lat' dir='ltr'>dicat</span> 
     </span>
    </p>

    <p class='ocr_par' dir='ltr' id='par_1_4' title="bbox 71 3393 929 3674">
     <span class='ocr_line' id='line_1_32' title="bbox 152 3393 929 3471; baseline 0.001 -18"><span class='ocrx_word' id='word_1_230' title='bbox 152 3394 220 3454; x_wconf 85' lang='lat' dir='ltr'>Hoc</span> <span class='ocrx_word' id='word_1_231' title='bbox 242 3401 287 3454; x_wconf 79' lang='lat' dir='ltr'>eat</span> <span class='ocrx_word' id='word_1_232' title='bbox 309 3395 376 3454; x_wconf 86' lang='lat' dir='ltr'>snlei</span> <span class='ocrx_word' id='word_1_233' title='bbox 406 3393 593 3465; x_wconf 82' lang='lat' dir='ltr'>exercitium,</span> <span class='ocrx_word' id='word_1_234' title='bbox 625 3393 663 3452; x_wconf 88' lang='lat' dir='ltr'>de</span> <span class='ocrx_word' id='word_1_235' title='bbox 692 3414 750 3471; x_wconf 75' lang='lat' dir='ltr'>qaia</span> <span class='ocrx_word' id='word_1_236' title='bbox 778 3395 875 3457; x_wconf 78' lang='lat' dir='ltr'>David</span> <span class='ocrx_word' id='word_1_237' title='bbox 902 3398 929 3457; x_wconf 89' lang='lat' dir='ltr'>ln</span> 
     </span>
     <span class='ocr_line' id='line_1_33' title="bbox 73 3494 929 3577; baseline 0.007 -25"><span class='ocrx_word' id='word_1_238' title='bbox 73 3494 138 3554; x_wconf 90' lang='lat' dir='ltr'>loeo</span> <span class='ocrx_word' id='word_1_239' title='bbox 159 3513 213 3554; x_wconf 85' lang='lat' dir='ltr'>nos</span> <span class='ocrx_word' id='word_1_240' title='bbox 242 3494 394 3569; x_wconf 84' lang='lat' dir='ltr'>admonet,</span> <span class='ocrx_word' id='word_1_241' title='bbox 423 3500 460 3555; x_wconf 85' lang='lat' dir='ltr'>nt</span> <span class='ocrx_word' id='word_1_242' title='bbox 487 3496 636 3555; x_wconf 87' lang='lat' dir='ltr'>discamus</span> <span class='ocrx_word' id='word_1_243' title='bbox 657 3497 806 3572; x_wconf 58' lang='lat' dir='ltr'>restricere</span> <span class='ocrx_word' id='word_1_244' title='bbox 827 3498 866 3557; x_wconf 87' lang='lat' dir='ltr'>ad</span> <span class='ocrx_word' id='word_1_245' title='bbox 891 3515 929 3577; x_wconf 82' lang='lat' dir='ltr'>pr</span> 
     </span>
     <span class='ocr_line' id='line_1_34' title="bbox 71 3594 929 3674; baseline 0.005 -20"><span class='ocrx_word' id='word_1_246' title='bbox 71 3596 182 3654; x_wconf 82' lang='lat' dir='ltr'>sionem</span> <span class='ocrx_word' id='word_1_247' title='bbox 204 3601 235 3656; x_wconf 84' lang='lat' dir='ltr'>el</span> <span class='ocrx_word' id='word_1_248' title='bbox 253 3598 384 3667; x_wconf 71' lang='lat' dir='ltr'>veritum,</span> <span class='ocrx_word' id='word_1_249' title='bbox 406 3614 442 3655; x_wconf 83' lang='lat' dir='ltr'>aa</span> <span class='ocrx_word' id='word_1_250' title='bbox 451 3597 588 3674; x_wconf 77' lang='lat' dir='ltr'>judicare</span> <span class='ocrx_word' id='word_1_251' title='bbox 603 3594 764 3652; x_wconf 79' lang='lat' dir='ltr'>serrandum</span> <span class='ocrx_word' id='word_1_252' title='bbox 780 3596 880 3657; x_wconf 73' lang='lat' dir='ltr'>ocellos</span> <span class='ocrx_word' id='word_1_253' title='bbox 896 3616 929 3658; x_wconf 86' lang='lat' dir='ltr'>su</span> 
     </span>
    </p>
   </div>
   <div class='ocr_carea' id='block_1_3' title="bbox 69 3693 928 3778">
    <p class='ocr_par' dir='ltr' id='par_1_5' title="bbox 69 3693 928 3778">
     <span class='ocr_line' id='line_1_35' title="bbox 69 3693 928 3778; baseline 0.002 -23"><span class='ocrx_word' id='word_1_254' title='bbox 69 3694 200 3770; x_wconf 75' lang='lat' dir='ltr'>levatos,</span> <span class='ocrx_word' id='word_1_255' title='bbox 228 3716 285 3775; x_wconf 85' lang='lat' dir='ltr'>non</span> <span class='ocrx_word' id='word_1_256' title='bbox 307 3696 470 3763; x_wconf 76' lang='lat' dir='ltr'>seeundum</span> <span class='ocrx_word' id='word_1_257' title='bbox 489 3696 668 3778; x_wconf 78' lang='lat' dir='ltr'>praesentia.</span> <span class='ocrx_word' id='word_1_258' title='bbox 711 3693 888 3774; x_wconf 84' lang='lat' dir='ltr'>Experimur</span> <span class='ocrx_word' id='word_1_259' title='bbox 915 3716 928 3757; x_wconf 84' lang='lat' dir='ltr'>a</span> 
     </span>
    </p>
   </div>
   <div class='ocr_carea' id='block_1_4' title="bbox 0 0 1100 4064">
    <p class='ocr_par' dir='ltr' id='par_1_6' title="bbox 0 0 1100 4064">
     <span class='ocr_line' id='line_1_36' title="bbox 0 0 1100 4064; baseline 0 0"><span class='ocrx_word' id='word_1_260' title='bbox 0 0 1100 4064; x_wconf 95' lang='lat' dir='ltr'> </span> 
     </span>
    </p>
   </div>
   <div class='ocr_carea' id='block_1_5' title="bbox 95 3979 567 4026">
    <p class='ocr_par' dir='ltr' id='par_1_7' title="bbox 95 3979 567 4026">
     <span class='ocr_line' id='line_1_37' title="bbox 95 3979 567 4026; baseline 0.004 -2"><span class='ocrx_word' id='word_1_261' title='bbox 95 3979 202 4024; x_wconf 53' lang='grc' dir='ltr'>-Α</span> <span class='ocrx_word' id='word_1_262' title='bbox 473 3993 567 4026; x_wconf 61' lang='grc' dir='ltr'>Α..</span> 
     </span>
    </p>
   </div>
  </div>
 </body>
</html>
