2190 4064
207 208 210 213 Ι
321 269 323 273 ’
433 231 650 331 ‚Psplmiht
855 295 860 303 ἱ
936 200 1012 299 ’ῃ

531 338 549 369 ἰ

56 392 91 453 et
114 388 205 446 etism
227 386 315 446 ornat
335 388 476 461 praemiis
494 390 625 471 proptor
639 344 790 473 puplicam
810 398 924 465 pamm,
945 341 1024 467 qui}

48 486 175 562 alioqui
194 486 417 551 hseosoeietas
437 490 469 545 et
489 486 551 545 vita
577 504 642 543 non.
657 487 759 565 posset
779 486 956 559 consistere,
985 491 1016 549 et

56 592 165 647 tamen
185 569 285 647 oon-mn
306 588 371 647 Deo
392 604 428 645 ao
447 587 477 643 in
495 585 608 662 judicio
628 583 685 642 Dei
705 584 779 643 haee
798 582 920 663 politica
932 589 1016 655 ,veri-

56 690 110 745 tas
131 705 188 745 nos
208 705 267 745 uon
288 686 441 755 sublevat,
468 684 521 743 sed
543 676 661 765 oportet
682 683 788 743 adesse
808 668 967 745 veritatem¹
984 676 1016 746 et

56 786 241 864 sapientiam
263 785 343 845 illam
359 783 514 855 occultam,
534 784 779 849 utcontiteamur
793 786 847 842 nos
863 803 930 845 esse
945 803 1016 867 pec-

57 888 198 956 catores,
228 889 260 945 et
290 893 391 945 tamen
418 885 566 963 erigamus
593 902 646 942 nos
674 885 800 954 iterum,
831 903 898 944 eum
926 882 1015 958 mors,

47 986 245 1049 ¹eonscientia
273 989 305 1045 et
325 985 452 1063 sagittae
473 982 583 1043 diaboli
604 984 791 1055 sentiuntur,
813 987 844 1043 et
865 985 1013 1045 dieamus:
1043 1026 1047 1037 ,

56 1084 115 1143 Tu
138 1083 238 1162 diligis
258 1085 417 1144 veritatum>
435 1083 465 1141 in
487 1082 618 1154 occulto,
640 1083 697 1142 hoc
717 1087 779 1162 est,
806 1083 904 1162 diligis
925 1084 1025 1155 eonii,

55 1188 163 1244 tentos
183 1190 317 1263 pecoata,
337 1187 368 1241 et
387 1181 552 1241 eradentes·
565 1184 809 1263 promissionibus
830 1184 905 1256 tuis,
934 1185 1016 1263 quod
1044 1195 1047 1211 ¹

56 1282 175 1343 talibus
197 1282 269 1341 volis
290 1301 357 1342 esse
377 1281 553 1354 misericors,
574 1286 665 1359 atque
686 1280 776 1342 etiarn
795 1284 825 1341 in
846 1283 903 1344 hac
927 1291 1016 1363 purte

55 1387 109 1442 est
132 1382 281 1460 sapientia
301 1386 345 1441 tet
366 1382 486 1442 veritas·
502 1381 566 1441 iiis
581 1382 713 1453 occulta,
744 1382 826 1459 quod
846 1385 935 1444 animi
956 1405 1016 1446 non

54 1486 192 1562 possunt
212 1501 245 1541 se
265 1482 396 1560 erigere,
424 1484 460 1540 ut
479 1481 510 1539 in
534 1484 668 1560 poscatis
691 1483 754 1563 suis¹
774 1481 899 1543 credant
918 1503 952 1545 se
973 1485 1017 1545 di·
1066 1474 1071 1485 ’

55 1584 123 1661 ligi.
166 1580 217 1641 Ad
236 1582 317 1641 hune
347 1579 468 1638 modum
496 1584 527 1639 et
554 1584 658 1647 nostra
678 1582 860 1641 conscientia
880 1585 912 1641 et
930 1602 1018 1667 muu-

55 1683 119 1743 dus
153 1685 299 1760 arguunt,
318 1678 406 1739 nanc
437 1678 614 1759 sapientiam
650 1680 685 1755 in
711 1684 873 1765 utramque,
898 1686 1017 1765 partem

55 1781 152 1855 valde
171 1780 375 1840 absconditam
397 1796 473 1837 esse.
515 1768 578 1837 Nisi
609 1778 797 1839 enimetiam
811 1780 849 1859 in
870 1781 1018 1843 eredenti·

55 1882 119 1941 bus
142 1879 219 1939 ratio
239 1860 312 1939 inuio
330 1879 496 1957 sapientiae
510 1878 672 1950 resisteret,
692 1878 767 1938 nihil
782 1878 923 1953 obstaret,
945 1884 1017 1961 quin
1066 1888 1069 1894 “

55 1980 139 2039 haee
159 1980 223 2039 rita
242 1978 327 2050 nobis
346 1978 506 2057 paradisus
527 1982 615 2049 esset,
639 1977 730 2056 piena
749 1978 857 2058 gaudio
880 1986 912 2041 et
931 1981 1017 2043 laeti·

57 2081 113 2141 tia.
159 2079 222 2137 Sed
241 2096 311 2138 caro
332 2079 423 2138 etiam
442 2077 473 2136 in
495 2079 606 2137 sanctis
627 2082 728 2137 manet
748 2097 836 2150 caro,
864 2073 895 2167 et
922 2081 1017 2142 reele-

57 2174 265 2255 mat'spiritui
287 2182 318 2237 et
338 2178 436 2248 verbo,
468 2180 616 2237 assentit
643 2176 740 2237 Deum
761 2175 936 2259 peccatores
957 2200 1016 2241 non
1069 2206 1072 2213 ·

57 2277 160 2341 solum
183 2295 242 2337 non
263 2276 375 2348 audire,
396 2276 450 2336 sed
471 2276 560 2335 etiam
581 2276 688 2337 odisse.
726 2278 812 2338 Haeo
832 2282 880 2338 est
899 2281 1018 2360 sapien-

58 2381 104 2439 tis
127 2378 240 2447 earnis,
273 2381 308 2437 ut
329 2395 420 2455 saepe
445 2376 506 2454 jam
523 2375 610 2459 dixi,
639 2376 770 2437 militans
804 2381 909 2440 eontra
939 2380 1017 2440 hane

59 2477 268 2539 absconditam
289 2477 466 2555 sapientiam
486 2476 619 2554 spiritus.

125 2570 204 2635 ·Es't
223 2571 315 2653 igitur
341 2576 391 2634 hio
423 2589 528 2633 versus
549 2573 712 2667 confutatio
742 2574 906 2651 quaedam,
922 2566 1019 2661 'quod

61 2679 182 2735 eetorse
200 2675 323 2751 quidem
343 2673 508 2753 sapientiae
539 2676 570 2731 et
590 2672 731 2733 veritates
751 2674 783 2733 in
802 2674 928 2747 mundo,
955 2678 1020 2738 sint

61 2773 240 2833 manifestae
260 2778 291 2833 et
312 2773 462 2853 publicae,
484 2791 520 2831 ao
538 2778 643 2831 corsm'
658 2772 770 2833 mundo
790 2773 859 2835 inco
880 2787 935 2836 suo
948 2795 1018 2838 ren-

47 2870 179 2944 'dibiles
201 2872 257 2933 sed
276 2890 377 2933 eoram
389 2872 453 2931 Deo
474 2872 584 2951 impiae
604 2858 642 2931 et*
655 2872 823 2945 mendaces,
844 2878 876 2933 et
896 2875 1017 2950 stultae,

62 2974 190 3033 maxime
221 2971 377 3031 sifiduma
404 2971 505 3048 aliqua
530 2970 669 3031 emaum:
700 2970 778 3032 hane
800 2977 902 3033 auteur
922 2975 1017 3035 solem

62 3077 95 3133 et
124 3090 225 3135 veram
252 3072 409 3133 raritatem
431 3090 513 3142 esse,
542 3071 597 3131 sed
617 3071 840 3145 absconditam,
875 3060 1017 3149 eonfiteri,

63 3169 145 3248 quod
167 3170 250 3231 sotus
271 3172 310 3231 sit
331 3168 422 3229 Deus·
432 3170 545 3247 justus,
565 3176 597 3231 et
612 3189 665 3230 uos
685 3177 870 3250 peccatores,
891 3180 923 3234 et
938 3175 1019 3252 quod

62 3276 240 3350 peccatores
260 3274 458 3350 agnoscentes
491 3289 576 3331 suam
605 3271 753 3331 miseriam
784 3276 816 3333 et
836 3273 1019 3336 confidentes

63 3368 287 3430 misericordiae
304 3384 364 3429 non
379 3369 452 3429 vetit
463 3371 593 3449 abjicere
612 3388 669 3450 pro
689 3372 804 3455 merito,
826 3372 881 3433 sed
900 3392 937 3433 er
951 3393 1020 3453 gra·

63 3469 108 3528 tis
127 3469 252 3533 salvare.
294 3469 389 3531 Extra
416 3470 495 3529 hene
523 3471 678 3531 raritatem
703 3471 854 3549 ,quidquid
868 3472 1019 3545 'duoetrrn

63 3568 222 3643 ereditur,
247 3551 356 3629 vivitur
377 3572 409 3628 et
428 3558 561 3648 geritur,
590 3575 731 3647 tanquam
750 3570 801 3650 'sd
822 3570 951 3637 salutern
970 3588 1020 3631 se-
1051 3564 1055 3573 ’

64 3672 182 3739 ternans
202 3668 459 3743 meritoriumsut
477 3660 761 3749 pronuntiemus
781 3671 826 3730 sic
846 3669 955 3741 deam,
972 3676 1022 3731 est
