2190 4064
43 162 46 169 r
94 117 160 180 242
425 114 442 123 ''
472 108 683 173 E'nerr'etle
803 150 809 159 ·

96 281 212 329 murem
222 260 368 325 collocem
378 263 408 321 in
417 261 490 323 intes
503 230 835 336 sanctuariitenebrss,
851 264 1045 343 quodteutun

99 369 141 431 ilsi
156 373 187 429 et
202 367 307 428 nullibi
324 366 394 427 nltoi
408 358 487 428 irclit
500 366 567 427 coli.
588 368 654 437 *Sic
672 367 792 427 vicinae
814 373 934 449 gentes,
954 370 1047 447 quitus

98 472 282 554 «ludaeorum
302 467 406 550 religio
421 476 491 532 uoto
504 472 577 544 luit;
599 473 705 532 mirum
727 473 757 530 in
780 474 911 551 modum
933 474 1049 546 offendit,

99 577 237 641 concludi
255 575 313 636 lroo
331 575 418 635 modo
432 576 462 633 in
483 576 624 656 ungulum
644 556 792 636 infinitum
810 584 965 639 naturum.
993 578 1045 637 Sed

100 683 183 744 lleus
203 681 353 742 homiuum
375 682 569 761 cogitationes
590 700 648 741 non
669 682 766 741 solum
796 701 859 741 non
882 688 986 758 curet,
1004 683 1049 751 sed

101 770 363 864 demnet'quoqu'n
386 790 416 845 et
430 788 545 856 statuit,
567 775 608 847 ex'
623 806 676 847 euo
697 789 791 847 verbo
815 807 888 849 esse
910 789 1049 868 cogitetis·
1086 790 1089 799 '

101 914 154 955 nes
169 895 253 954 nobis
263 889 447 952 dormundos.
477 890 746 971 „Ubicunqueego
764 893 877 973 inquit,
892 895 1049 954 memorien

100 1001 226 1071 nominis
247 999 304 1058 mei
325 997 439 1066 lecero,
462 996 502 1055 ilsi
525 1001 609 1068 ero,“
632 998 717 1073 quasi
740 997 839 1058 dicut.
871 1001 946 1060 Seio
964 1000 1049 1061 locun

101 1106 221 1165 istum
213 1124 243 1164 ιιι
264 1100 453 1161 Hierusalem
482 1104 683 1184 augustiorem
711 1119 795 1175 esse,
829 1123 925 1180 quum
954 1109 988 1165 ut
1011 1122 1049 1163 rue

101 1212 197 1290 possit
211 1226 327 1288 cepere.
371 1205 444 1264 Nem
466 1224 554 1282 quem
576 1206 690 1267 coelum
712 1206 866 1267 coelorum
889 1228 953 1268 non
972 1210 1049 1289 cupit,

102 1313 248 1392 quomodo
271 1326 390 1371 antrum
412 1312 443 1369 id
465 1316 596 1390 caperet,
618 1314 649 1369 et
668 1315 730 1369 tem
754 1312 855 1372 brevis
878 1314 974 1373 urcei
999 1312 1048 1371 lno

101 1437 157 1499 pro
189 1436 254 1476 mee
287 1418 445 1494 majestate
473 1422 504 1475 et
533 1433 663 1495 persono
692 1434 840 1475 mennon
864 1418 987 1503 indigeo
1006 1415 1048 1475 uli·

24 1578 27 1583 ,
102 1523 267 1601 cujusloci,
289 1521 342 1583 sed
363 1541 418 1601 pro
439 1528 493 1581 tue
515 1521 612 1580 salute
633 1524 667 1579 tu
689 1519 815 1597 indiges,
838 1527 874 1580 ut
898 1523 940 1582 sit
960 1528 1048 1582 certus
1088 1582 1090 1589 ,

102 1627 202 1699 locus,
234 1630 266 1687 in
293 1646 351 1704 quo
372 1627 494 1709 odores,
533 1646 579 1684 me
607 1624 756 1695 invenias,
789 1627 920 1686 verbum
947 1626 1047 1696 ondins,

101 1734 337 1793 benedictionem
359 1732 489 1811 accipies
506 1735 562 1790 etc
604 1728 670 1788 Hoc
690 1710 745 1787 tue
766 1731 938 1790 necessitas
957 1735 1049 1810 postu·

102 1837 155 1909 let,
176 1857 222 1908 ne,
244 1839 269 1897 si
284 1857 339 1916 ego
358 1839 448 1897 telem
466 1838 562 1897 locum
584 1835 638 1894 tibi
659 1852 718 1892 non
739 1833 900 1906 destinem,
923 1834 1047 1896 diabolus
1088 1848 1090 1853 ·

64 1925 69 1953 ¹
104 1945 135 2001 n
163 1941 309 2017 decipiet,
346 1946 377 2000 et
408 1946 458 2012 tu,
497 1961 564 2000 cum
592 1938 697 1999 credes
725 1958 772 1998 me
793 1940 919 2000 edormi
941 1945 972 2002 et
990 1939 1047 2010 coli,

103 2045 201 2123 ipsum
216 2045 357 2109 Suionum
379 2045 485 2104 odores
508 2050 538 2107 et
559 2045 649 2104 coles.
690 2043 758 2101 Hoc
779 2045 954 2122 periculum
974 2052 1046 2105 tuum

104 2152 201 2229 cogit,
232 2154 267 2210 ut
295 2168 350 2229 ego
377 2151 557 2210 constituam
586 2154 701 2209 certum
730 2147 844 2221 locum,
885 2152 917 2209 in
940 2171 996 2228 quo
1014 2153 1048 2212 sit

103 2255 245 2314 memorie
262 2272 336 2316 mee.
380 2255 502 2319 ennon
523 2272 632 2330 quoeso
653 2253 710 2311 luit
730 2256 835 2313 nostro
856 2255 923 2314 eive
944 2258 1046 2317 insanie

104 2360 167 2420 sire
182 2358 319 2432 stultitia,
342 2360 423 2439 quod
445 2360 664 2428 uliusRomem,
685 2358 941 2438 eliusllispanius
962 2364 1046 2440 petiit,

105 2465 191 2542 quusi
220 2484 278 2525 non
310 2468 421 2557 ubique
442 2469 522 2524 esset
542 2465 627 2525 nobis
647 2481 789 2544 praesens
810 2462 898 2524 Deus
921 2467 1047 2528 insonn-
1089 2484 1092 2489 ·

104 2571 185 2629 tibus
207 2588 274 2629 eum
295 2571 326 2629 in
346 2569 604 2630 nomineChristii
626 2569 749 2633 ouante
768 2587 860 2647 porro
882 2572 1047 2650 opinionum

105 2676 219 2735 exstitit
228 2676 366 2747 rerietes,
387 2694 454 2735 cum
476 2673 586 2752 singuli
606 2676 662 2734 sibi
684 2673 852 2753 deligerent
870 2675 1046 2752 peculiarem

105 2780 224 2840 modum
248 2766 363 2840 colendi
384 2780 460 2838 [leit
501 2776 586 2840 llaec
607 2798 644 2838 ne
676 2797 695 2836 e
721 2777 832 2858 populo
854 2778 913 2838 Dei
941 2779 1046 2850 fierent,

106 2883 201 2962 (siout
212 2889 311 2943 temen
327 2886 492 2964 prophetoe
512 2884 674 2944 ostendunt
687 2903 752 2943 esse
763 2883 876 2961 teclu,)
901 2886 1048 2945 coustituit
1090 2874 1092 2883 ¹

104 2987 188 3048 Deus
208 3006 300 3047 unum
321 2992 435 3047 certum
457 2989 569 3059 locum,
599 2989 635 3048 nd
658 3007 746 3066 quem
767 2990 977 3058 convenirent,
997 3006 1048 3047 nou

106 3092 185 3169 quod
206 3110 264 3151 non
285 3085 373 3152 etium
394 3095 463 3153 alibi
485 3113 549 3153 esse
571 3098 688 3173 posset,
710 3093 763 3153 sed
777 3092 1049 3173 utpopuluehebe·

90 3203 167 3291 ¹ret,
189 3212 247 3272 quo
270 3215 337 3255 curn
358 3200 486 3269 veniret,
508 3201 591 3256 certo
613 3198 757 3257 inveniret
778 3197 884 3256 Deum.

187 3297 329 3380 druell)
351 3304 470 3380 quidem
490 3304 548 3362 luit
567 3321 617 3360 res
638 3303 815 3382 corporalis,
840 3306 922 3365 sicut
944 3301 1051 3383 temple

104 3407 186 3488 apud
207 3407 394 3467 nos-hebent
413 3409 581 3479 motorium,
605 3427 640 3466 or
660 3427 718 3484 quo
741 3409 953 3472 aedificentur.
995 3406 1050 3469 Sed

106 3539 313 3555 m

173 3617 224 3687 19)
245 3618 320 3673 Aren
341 3615 394 3670 tuit
414 3614 550 3670 nubilatio
564 3613 628 3668 liei.
