2190 4064
51 229 140 309 ,12⁰⁰
276 216 280 225 ’
413 167 708 291 Pvaalae'tiones

79 380 203 449 umbos,
222 373 303 436 undo
314 373 392 435 nini
412 375 555 457 omilium·
570 375 678 433 venit.“
693 370 765 433 llis
785 372 922 435 ostendit
932 392 969 433 sa
981 390 1033 436 an·

79 476 147 547 ibae
168 473 290 544 cunno,
311 477 343 535 et
363 478 463 535 tamen
482 492 536 554 spe
556 472 656 533 auxilii
675 470 826 550 respicere
846 473 878 531 ln
898 476 1029 545 naemu,

71 573 304 653 'et-mposisse
323 571 467 632 invisibile
486 572 692 651 patrocinium.

77 708 87 717 ··
132 676 145 717 -·'
161 669 210 731 An
230 673 309 731 hunc
328 671 447 731 modum
467 671 551 731 nobis
572 667 865 747 quoqueiaciendum
877 672 936 729 est
964 670 1030 733 Non

70 770 173 841 evoe,
196 768 267 847 qna
287 769 387 840 eum,
403 754 491 846 ¹q‘no
509 769 622 838 oseem,
648 767 728 827 enne
754 767 878 827 solemn
899 772 1029 840 sunm..

72 888 139 937 ¹,noo
153 862 253 939 -video,
275 868 419 945 quomodo
438 866 603 949 periculum
624 867 798 945 ignominiae
819 866 1030 941 evadumffor

72 968 173 1045 igitur
192 967 334 1048 palpitat3
350 972 502 1044 tanquam
530 967 664 1026 destituti
684 966 776 1027 simus
804 965 883 1025 omni
906 966 1027 1027 auxilio.
1053 974 1058 983 '

72 1054 139 1126 Bia
160 1066 347 1125 sentiendum
367 1072 431 1139 est,
451 1066 591 1126 auxilium
612 1062 694 1127 certo
715 1084 781 1127 esse
801 1071 1028 1145 praeparatum,

80 1167 194 1227 etiamsi
214 1167 380 1237 nescimus,
400 1165 519 1244 qnando
537 1165 671 1224 interum
692 1164 751 1235 sit,
772 1181 850 1240 erpo,
864 1164 1027 1227 credamus

71 1268 343 1345 ‚et·=exspectenvns.
386 1264 450 1324 Secl
474 1264 523 1323 bie
543 1263 686 1335 discitur,
721 1280 810 1341 quam
836 1261 967 1337 difficile,
986 1266 1029 1327 eit

79 1363 210 1436 enodem,
232 1374 423 1425 cumcontra
443 1380 519 1441 qnae
538 1363 680 1434 videmus,
700 1360 846 1433 cudimus,
866 1364 1026 1436 sentimus,

79 1463 192 1541 aliquid
211 1465 295 1524 nobis
316 1463 554 1525 constituendum
575 1466 631 1523 est.
660 1462 725 1541 Epo
746 1478 838 1541 soepe
857 1461 889 1520 in
909 1465 1027 1541 provin·

70 1563 158 1623 ‚simis
178 1563 318 1643 periculis
338 1563 398 1635 lui,
428 1574 497 1623 enno
516 1566 598 1623 totus
617 1563 702 1640 qnasi
724 1560 853 1627 mundus
873 1559 905 1619 in
925 1580 1028 1623 meuvn

68 1666 169 1743 ,eaput
189 1665 375 1743 conspirasse
388 1644 556 1723 ¹videretur.
587 1663 689 1739 Neque
709 1661 794 1719 enim,
809 1660 951 1719 cessabat
972 1654 1027 1723 bo'·

40 1786 43 1791 ¹
76 1764 138 1823 stis·
151 1781 235 1823 meus
256 1766 286 1823 ct
309 1762 420 1821 Christi
437 1746 513 1834 meiss
535 1768 632 1841 pape,
663 1760 812 1819 concitare
840 1762 949 1819 contra
968 1778 1026 1833 me„

73 1861 225 1939 spuiclqnid
244 1878 370 1938 usquam
390 1862 541 1939 potentiae
562 1864 593 1921 et
612 1859 734 1919 tortoris
756 1866 830 1917 evei.
856 1856 918 1917 Hic
937 1876 1026 1923 mun·

71 1958 134 2019 nus
155 1966 186 2019 et
206 1960 282 2019 ratio
295 1960 395 2038 potius
408 1960 583 2031 consuleret,
604 1963 897 2034 uttaccvam‚'qnam
907 1963 1026 2019 uicum

68 2057 312 2137 mlo-periculo
337 2055 481 2116 docerem.
511 2058 661 2133 Nusquam
683 2058 759 2117 enlm
779 2055 861 2116 videt
880 2058 1026 2119 auxilium

75 2157 193 2228 domini,
215 2156 295 2233 quod
314 2156 460 2216 invisibile
476 2161 510 2216 et
530 2158 567 2215 ab
589 2158 681 2217 oculis
700 2156 803 2229 mundi
824 2160 871 2216 est
896 2157 1027 2219 obseou-

70 2256 176 2327 nilum,
197 2256 289 2334 igitur
309 2260 424 2333 tentum
445 2257 564 2336 cogitat,
586 2258 665 2334 quod
682 2257 770 2328 videt,
791 2255 906 2315 'scilieet
918 2256 1026 2331 inteni-

75 2358 149 2415 lnm.
182 2354 287 2415 'Pscco
307 2359 408 2417 entem
427 2355 476 2437 lpic
496 2354 535 2415 de
553 2374 619 2415 meo
641 2358 745 2427 animo,
766 2355 804 2414 de
823 2353 884 2414 fide
903 2364 937 2415 et
958 2374 1025 2437 spa,

73 2473 244 2531 quenquam
264 2455 354 2513 etism
374 2472 465 2534 esopo
481 2452 625 2535 periculis
646 2454 692 2514 bis
711 2455 852 2514 turbatus
865 2472 943 2527 sum,
963 2452 1024 2519 lvoc

71 2553 193 2615 tandem
211 2573 262 2614 ves
282 2554 422 2627 ostendit,
436 2554 582 2634 *auxilinm
600 2553 744 2627 invisibile
765 2557 796 2611 et
810 2554 1024 2617 absconditum

70 2670 90 2710 n
110 2654 182 2711 meis
203 2655 234 2711 et
254 2653 345 2726 totius
365 2654 468 2713 mundi
489 2655 582 2715 oculis
604 2654 788 2733 apparuisse,
808 2657 912 2713 utnon
920 2654 1023 2715 solnm

70 2749 143 2809 nilvil
163 2749 233 2811 mibi
253 2751 406 2813 accideret
425 2753 462 2812 ab
483 2752 619 2815 hostibus
638 2753 711 2811 meis
722 2752 946 2830 potentissimis,
965 2754 1021 2815 sevi

66 2852 104 2909 ut
125 2849 258 2926 quotidie
277 2867 334 2928 pen
364 2869 455 2910 noves
475 2852 645 2911 occasiones
664 2853 787 2910 verbum
809 2851 956 2931 evangelii
977 2852 1023 2914 la-

67 2950 129 3009 tius
151 2952 182 3008 ct
201 2948 308 3008 fortius
340 2953 567 3028 propagaretur.
610 2950 686 3007 Gom
713 2950 806 3028 igitur
827 2968 896 3010 caro
916 2952 1022 3013 invisi·

69 3046 142 3107 bilia
162 3052 299 3124 spectare
319 3066 378 3106 non
397 3048 500 3126 possit,
521 3048 751 3107 assueiaoiemus
772 3067 834 3119 nos,
855 3055 890 3108 ut
911 3051 943 3108 in
958 3070 1022 3112 om·

66 3144 154 3203 nibovs
163 3145 390 3224 periculislides
410 3146 501 3205 dicat:
526 3143 645 3205 Levabo
669 3147 769 3226 oculos
791 3148 1022 3211 meosadmon-

66 3247 132 3315 tes,
161 3243 201 3302 ibi
224 3248 270 3302 est
290 3246 431 3305 auxilium
452 3247 566 3304 certum
590 3248 620 3303 et
639 3250 797 3322 paratum,
826 3252 1021 3323 quantumvis
1067 3262 1069 3273 '

67 3340 101 3401 ivl
120 3358 180 3401 non
200 3340 330 3415 videam,
362 3348 393 3404 et
419 3362 489 3403 cavo
521 3360 576 3401 seu
595 3345 671 3403 ratio
695 3344 844 3405 diversum
863 3346 975 3413 videat.
989 3356 1022 3411 et

54 3441 228 3519 ‚exspectat
270 3441 323 3500 Sie
341 3442 467 3520 pulchre
488 3442 615 3523 pingunt
643 3443 717 3504 haec
736 3446 829 3504 verba
854 3445 925 3506 fidei
955 3448 1021 3511 fon·

71 3556 158 3611 mans,
179 3536 275 3615 qualis
297 3541 336 3599 sit
357 3546 388 3600 et
409 3539 481 3617 quid
502 3541 550 3601 sit

151 3636 215 3697 Sevi
234 3639 387 3717 quaeritur
407 3640 474 3713 bis,
496 3638 597 3719 'querc
624 3639 704 3702 dicat
735 3642 801 3713 „od
815 3647 964 3717 ‚mooto“
988 3654 1023 3709 at

87 3951 135 3996 A
367 3942 403 3996 1
