2204 4058
342 250 382 308 tu
412 250 554 311 Pootm.
582 250 694 311 urat.
936 252 999 320 '17⁵

52 391 142 463 video
169 402 272 491 autito
300 405 417 462 nomine
443 402 500 463 liei
528 408 688 464 torrentur.
729 404 770 466 lit
795 422 868 467 reue
893 426 1002 489 magne
1090 396 1093 401 ’

30 541 33 547 -
54 508 104 563 ert
123 503 283 580 majestas,
304 504 358 563 sed
379 522 436 562 non
456 509 517 563 tom
538 512 675 583 meguum
695 506 807 585 fingere
826 508 881 567 tibi
901 508 1001 583 debeo,

54 611 91 663 ut
114 603 181 661 ideo
214 621 298 661 orere
326 603 409 661 nolis.
452 605 485 662 Si
508 605 584 663 enim
615 606 800 682 majestatem
822 608 991 669 consideres

56 722 114 763 eur
133 722 194 761 nou
211 704 241 760 in
260 703 317 762 hoe
337 703 515 773 consideras,
536 705 616 779 quod
638 707 703 783 ipsu
723 708 863 785 majestas
887 672 1003 788 praecis
1066 773 1069 780 ,

55 806 111 884 pit,
132 807 168 862 ut
188 802 310 861 oreresi
332 804 467 863 Profecto
488 822 546 862 nou
560 804 602 862 itu
617 804 807 883 pusiiluseut
827 808 900 866 nihil
920 810 1002 885 ου’),

58 905 132 982 quiu
155 907 186 962 te
212 902 614 983 auetoritueprue'eipieutio
635 904 716 985 liget.
737 905 804 966 Hor
830 892 1002 967 mundatum

58 1008 192 1072 intuere,
215 1006 247 1062 et·
265 1002 414 1062 oommitte
435 1010 466 1063 te
487 1004 552 1081 ejus
572 1004 700 1081 gratioe,
722 1004 823 1082 quiid
843 1006 1002 1079 mandevit,

58 1104 125 1164 die:
147 1101 290 1163 'Domine
319 1122 378 1163 nou
406 1108 453 1164 est
484 1105 598 1163 arbitrii
616 1106 695 1175 mei,
726 1098 845 1166 orimue
873 1125 911 1166 eu
942 1125 1002 1167 nou

58 1206 165 1266 oremi
194 1192 291 1283 (eiout
310 1204 444 1263 monachi
461 1205 706 1281 somniabumus).
748 1206 800 1266 Tu
813 1208 1002 1286 praecepisti,

58 1326 189 1387 agnosco
223 1308 315 1385 igitur
340 1324 388 1365 me
420 1303 529 1363 debere
553 1298 659 1384 parere
688 1303 751 1364 tibi.
805 1308 837 1363 Si
862 1307 1002 1386 indignus

58 1428 141 1479 oum,
156 1412 202 1483 set
233 1409 427 1486 praeceptum
459 1412 490 1465 et
517 1404 653 1463 voluntas
675 1408 728 1463 tuo
748 1404 837 1483 digno
858 1411 918 1477 ost,
954 1409 1002 1466 eui

59 1526 196 1590 peream,
215 1508 383 1587 ..promissio
400 1509 453 1564 tua
481 1504 570 1583 digne
600 1506 724 1574 est,1in
759 1524 818 1579 que
848 1504 1001 1565 confidem.

59 1610 121 1667 Oro
151 1608 254 1683 itaque
283 1607 314 1664 iu
346 1588 489 1684 dignitate
520 1622 578 1661 mon
607 1622 686 1673 meu,
707 1622 765 1661 uon
786 1603 913 1675 Mariae,
944 1624 1003 1662 non

59 1708 153 1780 Petri,
174 1705 228 1767 red
247 1708 278 1765 iu
299 1705 443 1784 dignitato
463 1704 586 1763 nominis
608 1702 689 1774 iesu,
712 1703 804 1762 etDoi
820 1704 1004 1783 praecipien-

59 1811 100 1868 tis
122 1812 153 1867 et
172 1806 349 1887 meudentis.

142 1892 231 1967 Home
258 1906 402 1964 rationem
432 1902 535 1963 orandi
564 1904 645 1961 totus
672 1907 802 1981 prpetuo
826 1903 952 1981 ignorat,
973 1905 1005 1960 et
1064 1949 1066 1954 .

46 2016 184 2088 'possum
205 2004 337 2083 exemplo
358 2022 422 2061 meo
439 2002 591 2073 offirmare,
613 2003 691 2061 ticut
712 2020 765 2081 ego
780 2004 811 2060 in
828 2002 1004 2061 monachatu

59 2124 213 2183 nunquam
240 2122 329 2163 unum
357 2098 516 2161 orationem
544 2101 717 2161 dominicam
748 2102 933 2172 remorari,
963 2103 1006 2160 ite

61 2216 182 2284 quoque
209 2204 307 2264 adhue
334 2202 422 2263 hodie
447 2203 581 2281 popiotes
608 2219 755 2260 neumam
777 2200 894 2277 quidem
916 2200 1005 2276 sylle-

59 2308 130 2367 bum
150 2302 260 2365 infide
281 2320 374 2362 orere.
415 2300 482 2361 Hoc
501 2301 577 2359 forto
597 2300 707 2359 fectum
728 2305 782 2371 est,
803 2304 838 2359 ut
850 2300 932 2358 Deus
953 2318 1006 2358 eu-

62 2406 144 2465 diret
164 2404 291 2483 gemitus
312 2388 525 2461 inenerrohiles
564 2399 661 2459 nordio
697 2401 770 2470 mei,
802 2400 879 2458 sicut
915 2400 1004 2458 credo

60 2504 135 2565 ulios
156 2503 266 2564 multos
285 2501 397 2573 fuisses
407 2503 457 2579 qui
477 2502 550 2561 istos
571 2502 698 2579 gemitus
720 2499 807 2558 otium
828 2499 1005 2566 habueruut,
1038 2484 1048 2507 ⁸

60 2622 232 2683 quenquam
260 2590 311 2661 eo'r
341 2618 401 2660 nou
421 2602 612 2679 agnoverunt.
655 2600 717 2659 Sed
738 2601 822 2659 eitra
841 2599 894 2658 hos
916 2599 1007 2678 gemi-

45 2712 111 2765 ⁸tus
143 2704 226 2763 nulle
252 2720 324 2782 pars
353 2702 493 2760 orationis
515 2704 598 2759 reete
618 2703 670 2759 eut
692 2699 843 2772 intellecto
864 2702 917 2759 eut
937 2717 1006 2778 pro-

60 2805 200 2863 nuntiato
221 2807 275 2873 est,
296 2806 331 2861 ut
353 2802 449 2872 debet,
471 2804 502 2859 et
520 2804 563 2872 ut,
584 2798 640 2859 Dei
653 2802 757 2879 gretie,
778 2819 858 2859 nune
879 2818 1006 2873 oramus,

60 2922 97 2964 uc
119 2902 249 2979 reliquos
271 2920 388 2978 quoque
410 2902 551 2971 docemus
568 2918 662 2961 orere.

144 3002 253 3062 Exstat
281 3002 429 3062 sententia
456 3000 611 3079 cujusdam
632 3000 793 3059 heremitae
808 3000 887 3059 inter
906 3018 1007 3058 mono-

61 3103 133 3162 ehos
156 3101 297 3173 celebris,
326 3102 376 3177 qui
407 3102 480 3161 dixit
500 3100 613 3159 nullum
643 3120 708 3159 esse
729 3104 845 3159 tantum
865 3100 1005 3170 laborem,

61 3204 142 3263 sicut
164 3206 210 3261 est
237 3201 321 3261 lubor
353 3197 509 3277 orandi0).
551 3200 584 3258 id
612 3201 730 3277 quidem
756 3219 858 3259 verum
890 3204 951 3272 est,
981 3200 1007 3259 si

59 3303 207 3381 respicies
229 3302 268 3360 ed
297 3300 399 3360 orandi
420 3302 516 3379 legem
542 3302 605 3359 siue
623 3300 689 3373 fide,
724 3319 800 3378 quae
819 3301 932 3360 tradita
951 3300 1008 3360 fuit
1058 3366 1061 3373 ,

59 3401 253 3474 sacrificulis,
287 3401 341 3460 sed
362 3402 454 3480 magis
488 3418 589 3459 verum
621 3406 681 3473 est,
714 3420 781 3460 oum
801 3400 949 3478 loquimur
970 3400 1008 3457 (te

60 3502 198 3565 oratioue
217 3502 249 3561 in
268 3500 342 3572 tide,
374 3505 409 3561 ut
430 3519 481 3560 eor
501 3500 666 3561 reluctetur
688 3501 884 3562 conscientiae
905 3504 935 3559 et
956 3499 1008 3556 ‹ie-

59 3602 234 3685 oporetioui,
256 3620 293 3661 uo
313 3599 423 3661 audeat
454 3600 563 3660 fiducie
581 3601 800 3661 misericordiae
819 3598 893 3671 Dei,
915 3615 1008 3674 quan-

58 3692 258 3709 --.--—.-

113 3716 148 3781 o)
169 3714 244 3766 uim!
265 3714 408 3769 diffieilior
427 3725 473 3770 err
491 3730 573 3787 quem
592 3732 686 3776 orere.

113 3786 186 3856 7111
203 3784 267 3871 edit.
283 3786 420 3857 utiocto}
440 3803 480 3843 n
492 3796 513 3845 t.
