2190 4064
100 156 174 263 noo
222 210 224 216 ’
403 240 406 247 ,
433 196 437 203 ⁴
469 162 676 286 Ena'rrat'io
697 201 700 207 '
725 230 728 237 ·

29 354 43 375 ·’
91 326 168 425 item
195 349 277 431 quod
295 336 458 418 eredimus,
472 360 477 371 “
490 367 558 409 esse
577 349 693 409 domino
713 347 930 427 beneplacitum
952 346 1047 428 snper

49 502 51 512 .
97 454 236 519 timentes
257 454 337 524 eum,
359 453 389 508 et
410 464 588 530 super-eos,
617 450 667 525 qui
689 451 811 527 sperant
829 448 859 507 in
878 448 1046 511 misericor·
1068 457 1071 461 ’

98 549 249 631 dia‘ejus,
280 538 361 623 quod
386 547 495 614 seimus
522 547 621 626 ipsum
646 546 722 607 velle
752 551 788 606 ut
801 544 986 626 ‘.speremus,
1014 550 1046 606 et

17 724 30 737 „
64 648 81 672 ”
98 637 156 729 nisi
177 636 297 728 speres,
328 663 453 726 poenam
484 652 624 706 aetarnae
644 645 838 706 damnationis
860 645 1046 705 subeundam

47 787 48 790 =
99 767 174 808 esse.
197 747 379 808 curantem
396 744 517 823 J‘uberet
537 763 667 824 sperare,
688 745 745 804 nisi
765 745 854 805 vellet
871 745 1045 825 ignosceret

41 874 49 913 ι
100 849 164 908 Cur
185 834 327 924 objiceret
346 843 438 902 filium
458 844 642 922 unigenitum
664 848 726 902 tam
746 843 850 904 foedae
870 845 965 915 morti,
987 839 1046 949 nisi

17 1018 23 1025 ,
99 946 188 1008 vellet
209 965 263 1005 nos
276 939 451 1023 perfidem
443 963 473 1001 ιιι
488 944 586 1021 ipsum
601 941 730 1005 salvarit
816 971 819 978 ·
870 935 873 951 ’

181 1045 267 1104 Haec
296 1049 397 1120 atque
414 1042 582 1124 hujusmodi
613 1041 671 1100 alia
701 1041 782 1100 dicta
807 1046 877 1100 sunt
897 1043 955 1103 ista
975 1060 1048 1107 aera

101 1144 270 1224 adspersio,
292 1145 323 1202 et
342 1141 503 1220 pharmaca
522 1140 777 1220 praesentissima,
811 1136 1049 1217 quibus'sanan-

101 1249 152 1304 tur
172 1230 241 1303 ossa
259 1241 421 1311 humiliata,
443 1245 472 1301 et
494 1241 672 1301 conscientia
692 1240 824 1318 erigitur.
868 1240 927 1304 aui
948 1245 1048 1300 autem

46 1354 48 1360 ⁴
81 1344 239 1402 'dubitant
269 1341 307 1400 de
336 1341 392 1400 hae
412 1340 468 1399 Dei
489 1339 655 1420 voluntate,
677 1343 707 1398 et
728 1340 891 1419 respiciunt
911 1341 941 1401 iu
963 1358 1048 1399 suam

51 1440 68 1500 s
101 1442 324 1520 indignitatem,
358 1439 439 1516 quod
470 1440 627 1499 sanctitate
658 1457 716 1501 uon
746 1437 849 1510 Paulo,
880 1456 937 1496 non
958 1439 1049 1499 Petro

49 1556 59 1591 ἰ
101 1541 162 1600 sint
194 1558 299 1619 pares,
329 1539 359 1597 hi
386 1549 538 1636 nunqnam
564 1538 710 1617 possunt
718 1556 784 1598 esse
808 1539 932 1615 quieto
941 1539 1047 1598 animo.

66 1662 69 1668 ¹
102 1640 204 1732 (tuere
232 1638 376 1716 quidquid
407 1656 542 1716 usquam
562 1639 745 1721 justitiarum
777 1656 832 1696 seu
857 1641 1048 1716 parentorum

100 1741 163 1800 sire
176 1741 221 1799 in
255 1743 286 1799 te
307 1738 368 1798 sire
384 1738 421 1797 in
439 1741 501 1797 toto
522 1738 632 1797 mundo
659 1741 719 1807 est,
750 1738 805 1796 hoc
825 1740 921 1796 totum
941 1737 1049 1814 procui
1075 1726 1078 1731 ’

102 1858 137 1898 ex
158 1838 251 1899 oeulis
273 1841 363 1914 atque
383 1838 479 1896 animo
487 1837 592 1930 ejice,
617 1841 648 1896 et
670 1836 735 1894 die.
776 1835 843 1895 Etsi
867 1855 931 1894 sum
954 1836 1050 1914 indig-

101 1955 175 2007 nus,
194 1936 246 2012 qui
265 1936 325 1994 ista
346 1939 431 1994 tanta
450 1925 601 2027 benefitia,
623 1933 737 1992 seilicet
758 1936 958 1994 remissionem
979 1954 1050 2015 pec-

24 2076 27 2084 »
107 2039 241 2096 catorum
263 2038 294 2099 et
314 2013 440 2111 gratiam
460 2031 518 2091 Dei
538 2021 687 2111 recipiam,
708 2036 807 2090 tamen
821 2032 903 2092 Deus
924 2052 981 2092 non
1003 2040 1052 2094 est

24 2120 26 2130 ¹
79 2122 258 2213 indigum,
293 2137 328 2192 ut
349 2132 376 2190 ei
392 2130 533 2198 credam,
554 2129 634 2206 quod
654 2130 725 2190 velit
744 2137 869 2210 peecata
889 2135 1050 2205 remittere

103 2236 181 2294 sient
187 2232 367 2311 promisit·
358 2250 388 2289 m
409 2218 499 2307 aerbo
527 2247 589 2288 suo.
631 2229 706 2291 Nam
735 2231 810 2290 haee
838 2234 1051 2308 consequentia

102 2353 134 2394 m
144 2331 293 2425 theologia
313 2349 370 2390 non
391 2327 484 2389 valet:
504 2329 569 2408 Ego
590 2348 655 2388 sum
677 2332 776 2408 turpis
786 2336 927 2409 peccator
939 2335 968 2389 et
989 2351 1054 2390 ma·

102 2434 165 2504 lus,
187 2450 257 2511 ergo
278 2430 359 2490 Deus
381 2429 577 2499 dementitur,
606 2430 656 2505 qui
677 2423 812 2507 promisit
842 2423 1053 2511 peccatoribus

34 2567 38 2577 ·
104 2533 305 2615 remissionem
322 2534 522 2610 peecatorum.
533 2528 1050 2606 auinhancconsequentiamfacias,

74 2642 76 2653 ’
105 2650 193 2708 quam
219 2632 313 2708 supra
328 2629 424 2688 David
451 2629 534 2689 feeit:
556 2629 659 2687 Potius
690 2648 756 2687 sum
783 2634 932 2708 peccator,
962 2648 1050 2704 quam

104 2730 231 2805 utlteus¹
246 2730 285 2789 sit
298 2728 431 2801 mendax,
443 2727 628 2806 quodantem
634 2728 864 2788 misericordiam
873 2745 969 2806 spero,
993 2727 1051 2786 hoc

38 2872 46 2890 ι
104 2831 180 2890 secio
202 2828 311 2889 fiducia
324 2828 407 2889 uerbi
422 2821 476 2897 sui,
492 2826 572 2903 quod
593 2825 632 2886 de
649 2827 768 2886 Christo
783 2826 974 2904 praedicatur
991 2831 1048 2883 etc.

188 2928 251 2988 Sed
283 2929 331 2986 hie
364 2924 565 2985 admonendus
596 2929 645 2984 est
669 2925 763 2984 lector
789 2923 826 2981 de
856 2923 1049 3002 proprietate,

106 3047 195 3107 quam
224 3028 315 3089 habet
333 3020 497 3085 Hebraeus.
540 3023 590 3081 Sic
621 3025 697 3082 enim
727 3025 757 3081 in
776 3022 904 3082 hebraeo
924 3022 1063 3100 legitum·

105 3129 149 3189 Et
167 3126 358 3187 exsultabunt
392 3139 474 3195 ossa,
508 3122 584 3199 quae
605 3126 639 3181 tu
660 3122 830 3181 contrivisti.
873 3122 1050 3191 Estautem

106 3228 155 3288 hio
175 3243 301 3304 magnus
324 3222 498 3302 serupulus,
530 3205 767 3300 conprophetae
787 3222 930 3300 singulari
952 3221 1050 3282 studio

107 3329 164 3390 hoe
185 3328 359 3395 observent,
385 3324 421 3382 ut
452 3320 646 3405 pronuntient
676 3320 755 3381 mala
775 3321 812 3380 ab
832 3323 898 3402 ipso
918 3321 1051 3385 Deove-

108 3418 237 3503 nire'¹)‚
265 3442 334 3484 cum
366 3425 465 3482 tamen
493 3439 597 3482 verum
616 3421 679 3499 sit,
710 3418 805 3481 Deum
833 3439 889 3499 per
920 3441 953 3499 se
973 3422 1051 3484 mala

28 3686 31 3695 .
88 3669 90 3671 >
159 3645 193 3714 Ι)
214 3634 363 3721 Quomodo
383 3642 455 3697 mata
474 3659 489 3695 ι
509 3639 580 3696 [too.
