2190 4064
100 238 160 299 188
232 270 235 274 1
443 200 691 300 'enarratio

96 390 218 455 “senti
261 389 338 452 llum
365 389 571 469 justificabant
608 393 692 451 turn'l
735 392 871 464 Minime,
900 412 970 454 nam
990 397 1046 457 hoo

31 476 37 489 ’
96 494 157 550 est:
199 488 353 550 Sacrificio
376 490 583 567 nonroluisti.

176 589 293 649 Deinde
314 572 381 648 non'
393 594 475 649 recte
494 596 692 650 extenuantur
712 582 928 673 ceremonialia
972 594 1048 653 llam

93 699 289 771 praeceptum
310 688 349 748 de
369 690 501 760 sabbato,
523 691 638 749 etiamsi
661 696 706 749 est
721 693 923 765 ceremoniale,
945 699 1048 754 tamen

94 792 217 871 ponitur
239 790 271 849 in
290 791 387 870 prima
407 789 525 861 tabula,
548 795 617 849 ante
639 795 669 850 et
690 810 782 870 super
803 794 901 850 omnia
921 794 1049 853 moralia

95 909 194 970 opere.
237 891 318 969 Ergo
339 889 460 967 indigne
479 888 631 967 theologo,
652 892 709 950 imo
731 892 905 970 simpliciter
927 893 1049 956 eruditu

93 991 157 1050 viro
177 990 299 1068 indigna
328 990 479 1049 cucullatio
502 995 562 1060 est,
597 1009 664 1049 oum
685 991 797 1052 Paulus
834 993 871 1051 de
904 994 1048 1070 operibus

93 1090 170 1170 legis
190 1091 335 1166 loquitur,
358 1090 477 1161 sentire,
498 1090 578 1166 quod
599 1094 717 1149 tantum
739 1092 776 1150 de
798 1092 1049 1155 ceremonialibus

93 1191 250 1268 loquutur,
273 1191 358 1267 quasi
379 1190 417 1249 de
438 1182 577 1269 operibns
598 1190 630 1248 in
651 1191 789 1251 inferiore
810 1193 907 1271 gradu
927 1195 1047 1271 positis,

94 1309 183 1368 quum
203 1289 335 1350 moralia.
377 1290 506 1369 Respice
518 1291 578 1349 ista
587 1281 725 1380 'tempora
740 1294 849 1351 veteris
863 1294 1046 1364 testamenti,

94 1383 205 1451 elnon
225 1391 321 1462 solum
341 1390 563 1460 necessitatem,
599 1390 653 1449 sed
675 1408 818 1450 summam
840 1406 959 1467 quoquo
981 1393 1048 1471 dig-

34 1534 37 1539 ·
92 1494 216 1552 nitatem
238 1492 470 1551 ceremoniarum
490 1490 734 1551 suisseinrenies.
777 1492 844 1551 Etsi
866 1493 943 1550 onim
964 1512 1047 1555 nnnc

93 1591 300 1654 ceremonialia
329 1599 382 1655 aut
408 1591 502 1650 libere
534 1594 587 1650 ant
610 1592 753 1670 abrogata
771 1595 858 1662 sunt,
891 1594 1046 1652 tamenin

92 1693 162 1773 lege
189 1712 248 1753 non
280 1693 401 1751 luerunt
434 1690 544 1763 libera,
577 1692 642 1750 sed‘
661 1693 844 1763 necessaria,
880 1696 912 1751 et
942 1699 1045 1753 temen

93 1794 182 1853 etiam
204 1802 267 1852 turn
288 1810 390 1851 verum
415 1792 486 1851 luit:
527 1792 619 1862 „Sine
640 1793 778 1871 operibns
804 1788 878 1869 legis
897 1792 1045 1869 justifice-

92 1897 145 1954 iur
165 1893 279 1951 homo.“
319 1891 402 1969 Ergo
421 1889 536 1949 Paulus
569 1890 742 1969 simpliciter
767 1891 899 1966 loquitur
919 1891 957 1950 de
979 1898 1045 1954 totu

92 1992 168 2069 lege,
189 1992 246 2049 hoc
266 1994 343 2060 est,·
360 1994 419 2049 tam
442 1989 480 2048 de
505 1986 748 2060 ceremonialibns
770 2008 860 2073 qnam
880 1991 1043 2053 moralibus

93 2091 242 2171 operibus,
263 2088 344 2165 qnod
365 2108 420 2167 per
441 2106 477 2147 eu
496 2105 554 2146 nou
576 2081 664 2147 delur
677 2090 803 2168 justitia,
825 2089 878 2148 sed
896 2092 978 2167 qnod
994 2095 1045 2171 ju·

92 2192 174 2251 stitia
204 2177 321 2249 tantuin
340 2191 392 2247 ‚sit
428 2186 652 2266 apprehendere
681 2172 932 2263 misericordiam,
965 2211 1044 2268 quae

92 2289 294 2375 misericordia
316 2307 374 2347 non
396 2289 523 2367 imputat
543 2292 674 2365 peccato,
697 2289 750 2347 sed
767 2291 895 2368 ignoscit
915 2294 1043 2369 peccate

92 2391 283 2475 credentibus
310 2390 340 2447 in
371 2379 544 2472 conatum.
580 2386 669 2447 Hono
703 2391 881 2449 senientiam
909 2392 1043 2453 delendit

90 2490 204 2555 Paulus
248 2491 279 2549 in
325 2488 450 2570 epistola
494 2488 533 2547 ad
572 2487 732 2561 Romanos,
771 2508 859 2564 quam
897 2493 948 2567 qui
983 2512 1043 2552 non

91 2590 346 2661 animadvertunt,
377 2575 432 2648 ceu
454 2592 546 2668 capul
565 2589 657 2647 totius
679 2588 897 2666 disputationis,
919 2611 957 2651 ne
978 2595 1043 2667 qui·

91 2692 159 2751 dem
174 2691 309 2749 umbram
330 2689 459 2766 aliquem
479 2669 626 2768 genuinae
648 2690 813 2748 sententiae
821 2688 907 2748 Pauli
929 2690 1041 2752 rident.

168 2788 259 2848 Hanc
274 2790 449 2849 sententium
460 2786 654 2847 etiumDurid
666 2786 797 2846 hocloco
813 2788 952 2867 ostendit,
975 2810 1044 2851 cum

54 2918 57 2924 ·
90 2894 161 2950 ante
179 2892 299 2968 tempus
313 2887 574 2958 noviteslamenti,-
589 2904 643 2945 eno
654 2889 794 2963 tempore,
817 2904 874 2961 quo
896 2890 1043 2951 sacrificia

18 2980 21 2985 ’
91 2993 122 3049 et
142 2987 286 3068 templum
306 2990 337 3047 iu
358 3005 471 3048 summo
492 2985 565 3046 llere
586 2988 680 3061 erant,
702 2985 820 3046 disertis
837 2988 935 3047 verbis
960 2989 1042 3064 dicit,

90 3087 170 3165 quod
198 3088 342 3148 sacrificia
369 3086 443 3147 nilril
474 3088 561 3157 sunl,
591 3086 661 3163 quie
688 3085 771 3145 Deus
798 3105 834 3144 ea
864 3106 922 3145 non
945 3095 1040 3150 cures

89 3186 156 3248 lloc
177 3191 255 3247 enim
275 3190 322 3248 est
344 3186 517 3268 simpliciter
538 3204 654 3245 omnem
675 3185 789 3246 cultum
809 3186 935 3264 legalem
956 3190 1041 3249 tolle-

89 3306 139 3357 re,
161 3289 275 3346 etiamsi
297 3289 438 3349 divinitus
458 3290 638 3367 praeceptor
660 3289 691 3346 el
710 3287 866 3346 institutus
888 3293 983 3360 esset,
1005 3307 1040 3349 eo

90 3390 242 3465 oporteret
262 3405 329 3444 enm
350 3388 423 3447 lieri.
465 3386 568 3463 Neque
588 3388 665 3447 enim
684 3386 870 3446 emendanda
890 3390 937 3444 eet
951 3372 1040 3446 ‘cere-

89 3486 254 3551 moniamm
282 3486 426 3565 dignitus,
458 3491 617 3565 postquam
647 3485 786 3545 mandato
813 3490 844 3545 et
871 3487 962 3544 verbo
983 3485 1038 3547 Dei

91 3586 225 3648 ridemus
246 3602 298 3644 eus
318 3604 377 3644 non
405 3587 612 3664 comprobatas
633 3585 744 3655 solnm,
773 3583 826 3643 sed
847 3585 936 3644 etiem
956 3586 1039 3646 insli-

23 3719 26 3725 ·
93 3692 174 3747 lutus
194 3690 227 3747 el
244 3686 401 3746 mundales
422 3701 497 3758 esse,
518 3691 551 3745 el
569 3689 669 3747 lemur
690 3684 764 3745 dicit
782 3681 892 3743 navim
912 3682 968 3743 Tu
989 3702 1039 3744 ees

141 3996 223 4018 ⁴-
437 3994 516 4018 a*
