<?xml version="1.0" encoding="UTF-8"?>
<!DOCTYPE html PUBLIC "-//W3C//DTD XHTML 1.0 Transitional//EN"
    "http://www.w3.org/TR/xhtml1/DTD/xhtml1-transitional.dtd">
<html xmlns="http://www.w3.org/1999/xhtml" xml:lang="en" lang="en">
 <head>
  <title>
</title>
<meta http-equiv="Content-Type" content="text/html;charset=utf-8" />
  <meta name='ocr-system' content='tesseract 3.04.00' />
  <meta name='ocr-capabilities' content='ocr_page ocr_carea ocr_par ocr_line ocrx_word'/>
</head>
<body>
  <div class='ocr_page' id='page_1' title='image "./exegeticaoperal04luthgoog_0143.png"; bbox 0 0 2190 4064; ppageno 0'>
   <div class='ocr_carea' id='block_1_1' title="bbox 16 227 911 345">
    <p class='ocr_par' dir='ltr' id='par_1_1' title="bbox 16 227 911 345">
     <span class='ocr_line' id='line_1_1' title="bbox 16 227 911 345; baseline -0.001 -36"><span class='ocrx_word' id='word_1_1' title='bbox 16 227 219 345; x_wconf 55' lang='lat' dir='ltr'><strong>„51³4ss</strong></span> <span class='ocrx_word' id='word_1_2' title='bbox 344 293 354 297; x_wconf 90' lang='grc'><strong>..</strong></span> <span class='ocrx_word' id='word_1_3' title='bbox 460 246 717 337; x_wconf 58' lang='lat' dir='ltr'><strong>enarratu</strong></span> <span class='ocrx_word' id='word_1_4' title='bbox 817 234 825 246; x_wconf 82' lang='lat'><strong><em>‘</em></strong></span> <span class='ocrx_word' id='word_1_5' title='bbox 899 256 911 293; x_wconf 77' lang='lat'><strong>.-</strong></span> 
     </span>
    </p>
   </div>
   <div class='ocr_carea' id='block_1_2' title="bbox 5 392 1087 3769">
    <p class='ocr_par' dir='ltr' id='par_1_2' title="bbox 5 392 1087 1954">
     <span class='ocr_line' id='line_1_2' title="bbox 76 392 1087 484; baseline 0.01 -26"><span class='ocrx_word' id='word_1_6' title='bbox 76 403 191 459; x_wconf 82' lang='lat' dir='ltr'><strong>.tumen</strong></span> <span class='ocrx_word' id='word_1_7' title='bbox 210 399 382 483; x_wconf 70' lang='lat' dir='ltr'><strong>pauclssimi</strong></span> <span class='ocrx_word' id='word_1_8' title='bbox 402 399 523 461; x_wconf 86' lang='lat' dir='ltr'><strong>audent.</strong></span> <span class='ocrx_word' id='word_1_9' title='bbox 567 402 686 467; x_wconf 72' lang='lat' dir='ltr'><strong>Quanto</strong></span> <span class='ocrx_word' id='word_1_10' title='bbox 714 392 815 481; x_wconf 72' lang='lat' dir='ltr'><strong>majus</strong></span> <span class='ocrx_word' id='word_1_11' title='bbox 832 407 863 462; x_wconf 86' lang='lat' dir='ltr'><strong>et</strong></span> <span class='ocrx_word' id='word_1_12' title='bbox 883 402 1046 484; x_wconf 74' lang='lat' dir='ltr'><strong>angustius</strong></span> <span class='ocrx_word' id='word_1_13' title='bbox 1082 410 1087 427; x_wconf 69' lang='lat'>⁸</span> 
     </span>
     <span class='ocr_line' id='line_1_3' title="bbox 79 491 1045 582; baseline 0.006 -22"><span class='ocrx_word' id='word_1_14' title='bbox 79 516 158 572; x_wconf 73' lang='lat' dir='ltr'><strong>csso</strong></span> <span class='ocrx_word' id='word_1_15' title='bbox 178 503 284 578; x_wconf 85' lang='lat' dir='ltr'><strong>putus,</strong></span> <span class='ocrx_word' id='word_1_16' title='bbox 313 516 398 565; x_wconf 81' lang='lat' dir='ltr'><strong>sacra</strong></span> <span class='ocrx_word' id='word_1_17' title='bbox 436 500 517 577; x_wconf 90' lang='lat' dir='ltr'><strong>loqui</strong></span> <span class='ocrx_word' id='word_1_18' title='bbox 549 505 579 561; x_wconf 92' lang='lat' dir='ltr'><strong>et</strong></span> <span class='ocrx_word' id='word_1_19' title='bbox 605 491 713 561; x_wconf 82' lang='lat' dir='ltr'><strong>dooere</strong></span> <span class='ocrx_word' id='word_1_20' title='bbox 737 502 768 560; x_wconf 89' lang='lat' dir='ltr'><strong>in</strong></span> <span class='ocrx_word' id='word_1_21' title='bbox 790 509 968 582; x_wconf 79' lang='lat' dir='ltr'><strong>conspectu</strong></span> <span class='ocrx_word' id='word_1_22' title='bbox 986 505 1045 572; x_wconf 79' lang='lat' dir='ltr'><strong>nei</strong></span> 
     </span>
     <span class='ocr_line' id='line_1_4' title="bbox 93 592 1062 681; baseline 0.008 -23"><span class='ocrx_word' id='word_1_23' title='bbox 93 602 125 658; x_wconf 84' lang='lat' dir='ltr'><strong>et</strong></span> <span class='ocrx_word' id='word_1_24' title='bbox 145 597 325 677; x_wconf 76' lang='lat' dir='ltr'><strong>angelorum,</strong></span> <span class='ocrx_word' id='word_1_25' title='bbox 348 604 452 658; x_wconf 91' lang='lat' dir='ltr'><strong>contra</strong></span> <span class='ocrx_word' id='word_1_26' title='bbox 473 600 655 661; x_wconf 86' lang='lat' dir='ltr'><strong>voluntatem</strong></span> <span class='ocrx_word' id='word_1_27' title='bbox 676 620 734 660; x_wconf 93' lang='lat' dir='ltr'><strong>non</strong></span> <span class='ocrx_word' id='word_1_28' title='bbox 738 603 925 681; x_wconf 81' lang='lat' dir='ltr'>principum</span> <span class='ocrx_word' id='word_1_29' title='bbox 938 592 980 667; x_wconf 72' lang='lat' dir='ltr'><strong>et</strong></span> <span class='ocrx_word' id='word_1_30' title='bbox 998 624 1062 665; x_wconf 79' lang='lat' dir='ltr'><strong>ro·-</strong></span> 
     </span>
     <span class='ocr_line' id='line_1_5' title="bbox 92 697 1046 787; baseline 0.008 -31"><span class='ocrx_word' id='word_1_31' title='bbox 92 715 164 777; x_wconf 69' lang='lat' dir='ltr'><strong>gum</strong></span> <span class='ocrx_word' id='word_1_32' title='bbox 186 697 295 768; x_wconf 89' lang='lat' dir='ltr'><strong>solum,</strong></span> <span class='ocrx_word' id='word_1_33' title='bbox 325 698 380 757; x_wconf 89' lang='lat' dir='ltr'><strong>sed</strong></span> <span class='ocrx_word' id='word_1_34' title='bbox 407 700 496 757; x_wconf 88' lang='lat' dir='ltr'><strong>etiam</strong></span> <span class='ocrx_word' id='word_1_35' title='bbox 525 700 633 759; x_wconf 89' lang='lat' dir='ltr'><strong>diaboli</strong></span> <span class='ocrx_word' id='word_1_36' title='bbox 655 705 685 760; x_wconf 89' lang='lat' dir='ltr'><strong>et</strong></span> <span class='ocrx_word' id='word_1_37' title='bbox 706 702 798 760; x_wconf 84' lang='lat' dir='ltr'><strong>totius</strong></span> <span class='ocrx_word' id='word_1_38' title='bbox 818 701 942 761; x_wconf 82' lang='lat' dir='ltr'><strong>mundit</strong></span> <span class='ocrx_word' id='word_1_39' title='bbox 985 702 1046 787; x_wconf 76' lang='lat' dir='ltr'><strong>llio</strong></span> 
     </span>
     <span class='ocr_line' id='line_1_6' title="bbox 92 796 1047 891; baseline 0.006 -36"><span class='ocrx_word' id='word_1_40' title='bbox 92 797 189 874; x_wconf 86' lang='lat' dir='ltr'><strong>majus</strong></span> <span class='ocrx_word' id='word_1_41' title='bbox 210 797 380 875; x_wconf 90' lang='lat' dir='ltr'><strong>periculum</strong></span> <span class='ocrx_word' id='word_1_42' title='bbox 392 796 560 878; x_wconf 89' lang='lat' dir='ltr'><strong>suscipitur</strong></span> <span class='ocrx_word' id='word_1_43' title='bbox 580 817 669 875; x_wconf 87' lang='lat' dir='ltr'><strong>quam</strong></span> <span class='ocrx_word' id='word_1_44' title='bbox 689 800 720 858; x_wconf 91' lang='lat' dir='ltr'><strong>in</strong></span> <span class='ocrx_word' id='word_1_45' title='bbox 741 800 910 891; x_wconf 73' lang='lat' dir='ltr'><strong>republica,</strong></span> <span class='ocrx_word' id='word_1_46' title='bbox 941 810 1047 877; x_wconf 70' lang='lat' dir='ltr'><strong>quan-</strong></span> 
     </span>
     <span class='ocr_line' id='line_1_7' title="bbox 13 893 1047 977; baseline 0.009 -24"><span class='ocrx_word' id='word_1_47' title='bbox 13 937 18 953; x_wconf 83' lang='grc'><em>,</em></span> <span class='ocrx_word' id='word_1_48' title='bbox 93 896 137 957; x_wconf 83' lang='lat' dir='ltr'><strong>vis</strong></span> <span class='ocrx_word' id='word_1_49' title='bbox 159 897 199 955; x_wconf 91' lang='lat' dir='ltr'><strong>ibi</strong></span> <span class='ocrx_word' id='word_1_50' title='bbox 221 914 340 973; x_wconf 82' lang='lat' dir='ltr'><strong>quoque</strong></span> <span class='ocrx_word' id='word_1_51' title='bbox 362 915 472 975; x_wconf 76' lang='lat' dir='ltr'><strong>magno</strong></span> <span class='ocrx_word' id='word_1_52' title='bbox 490 899 586 959; x_wconf 85' lang='lat' dir='ltr'><strong>animo</strong></span> <span class='ocrx_word' id='word_1_53' title='bbox 607 916 683 977; x_wconf 88' lang='lat' dir='ltr'><strong>opus</strong></span> <span class='ocrx_word' id='word_1_54' title='bbox 705 900 753 959; x_wconf 86' lang='lat' dir='ltr'><strong>sit.</strong></span> <span class='ocrx_word' id='word_1_55' title='bbox 796 898 857 957; x_wconf 80' lang='lat' dir='ltr'><strong>Sed</strong></span> <span class='ocrx_word' id='word_1_56' title='bbox 883 900 933 959; x_wconf 80' lang='lat' dir='ltr'><strong>hid</strong></span> <span class='ocrx_word' id='word_1_57' title='bbox 951 893 1047 961; x_wconf 78' lang='lat' dir='ltr'><strong>etiam</strong></span> 
     </span>
     <span class='ocr_line' id='line_1_8' title="bbox 95 996 1082 1076; baseline 0.002 -19"><span class='ocrx_word' id='word_1_58' title='bbox 95 997 212 1076; x_wconf 73' lang='lat' dir='ltr'><strong>Spiritu</strong></span> <span class='ocrx_word' id='word_1_59' title='bbox 233 996 289 1055; x_wconf 88' lang='lat' dir='ltr'><strong>Dei</strong></span> <span class='ocrx_word' id='word_1_60' title='bbox 322 996 397 1074; x_wconf 83' lang='lat' dir='ltr'><strong>opus</strong></span> <span class='ocrx_word' id='word_1_61' title='bbox 419 1002 480 1068; x_wconf 89' lang='lat' dir='ltr'><strong>est,</strong></span> <span class='ocrx_word' id='word_1_62' title='bbox 508 999 539 1056; x_wconf 88' lang='lat' dir='ltr'><strong>et</strong></span> <span class='ocrx_word' id='word_1_63' title='bbox 566 997 657 1076; x_wconf 77' lang='lat' dir='ltr'><strong>digito</strong></span> <span class='ocrx_word' id='word_1_64' title='bbox 678 997 751 1068; x_wconf 86' lang='lat' dir='ltr'><strong>Dei,</strong></span> <span class='ocrx_word' id='word_1_65' title='bbox 784 1004 842 1072; x_wconf 86' lang='lat' dir='ltr'><strong>quo</strong></span> <span class='ocrx_word' id='word_1_66' title='bbox 864 997 1048 1059; x_wconf 78' lang='lat' dir='ltr'><strong>diducuntur</strong></span> <span class='ocrx_word' id='word_1_67' title='bbox 1079 1046 1082 1051; x_wconf 86' lang='lat'>.</span> 
     </span>
     <span class='ocr_line' id='line_1_9' title="bbox 94 1095 1047 1175; baseline 0.002 -20"><span class='ocrx_word' id='word_1_68' title='bbox 94 1095 188 1167; x_wconf 85' lang='lat' dir='ltr'><strong>labia,</strong></span> <span class='ocrx_word' id='word_1_69' title='bbox 211 1099 242 1155; x_wconf 85' lang='lat' dir='ltr'><strong>et</strong></span> <span class='ocrx_word' id='word_1_70' title='bbox 263 1095 395 1155; x_wconf 81' lang='lat' dir='ltr'><strong>solvatur</strong></span> <span class='ocrx_word' id='word_1_71' title='bbox 418 1115 450 1154; x_wconf 92' lang='lat' dir='ltr'><strong>os</strong></span> <span class='ocrx_word' id='word_1_72' title='bbox 471 1095 641 1169; x_wconf 88' lang='lat' dir='ltr'><strong>inlaudem</strong></span> <span class='ocrx_word' id='word_1_73' title='bbox 659 1095 725 1155; x_wconf 89' lang='lat' dir='ltr'><strong>Dei.</strong></span> <span class='ocrx_word' id='word_1_74' title='bbox 766 1095 848 1174; x_wconf 76' lang='lat' dir='ltr'><strong>Ergo</strong></span> <span class='ocrx_word' id='word_1_75' title='bbox 868 1103 939 1175; x_wconf 86' lang='lat' dir='ltr'><strong>post</strong></span> <span class='ocrx_word' id='word_1_76' title='bbox 956 1097 1047 1175; x_wconf 79' lang='lat' dir='ltr'><strong>justi-</strong></span> 
     </span>
     <span class='ocr_line' id='line_1_10' title="bbox 94 1184 1084 1276; baseline 0.004 -23"><span class='ocrx_word' id='word_1_77' title='bbox 94 1193 261 1256; x_wconf 82' lang='lat' dir='ltr'><strong>ficationem</strong></span> <span class='ocrx_word' id='word_1_78' title='bbox 295 1199 325 1267; x_wconf 80' lang='lat' dir='ltr'><strong>et</strong></span> <span class='ocrx_word' id='word_1_79' title='bbox 355 1196 482 1274; x_wconf 78' lang='lat' dir='ltr'><strong>gratiam</strong></span> <span class='ocrx_word' id='word_1_80' title='bbox 513 1195 628 1255; x_wconf 85' lang='lat' dir='ltr'><strong>nullum</strong></span> <span class='ocrx_word' id='word_1_81' title='bbox 659 1195 741 1271; x_wconf 84' lang='lat' dir='ltr'><strong>aliud</strong></span> <span class='ocrx_word' id='word_1_82' title='bbox 772 1215 846 1276; x_wconf 89' lang='lat' dir='ltr'><strong>opus</strong></span> <span class='ocrx_word' id='word_1_83' title='bbox 868 1196 967 1274; x_wconf 85' lang='lat' dir='ltr'><strong>majus</strong></span> <span class='ocrx_word' id='word_1_84' title='bbox 990 1200 1046 1269; x_wconf 81' lang='lat' dir='ltr'><strong>est,</strong></span> <span class='ocrx_word' id='word_1_85' title='bbox 1081 1184 1084 1189; x_wconf 38' lang='lat'><em>¹</em></span> 
     </span>
     <span class='ocr_line' id='line_1_11' title="bbox 17 1278 1046 1374; baseline 0.002 -19"><span class='ocrx_word' id='word_1_86' title='bbox 17 1278 24 1287; x_wconf 31' lang='lat'><em>⁸</em></span> <span class='ocrx_word' id='word_1_87' title='bbox 95 1312 184 1372; x_wconf 84' lang='lat' dir='ltr'><strong>quum</strong></span> <span class='ocrx_word' id='word_1_88' title='bbox 204 1294 286 1371; x_wconf 89' lang='lat' dir='ltr'><strong>loqui</strong></span> <span class='ocrx_word' id='word_1_89' title='bbox 306 1296 461 1354; x_wconf 85' lang='lat' dir='ltr'><strong>veritatem</strong></span> <span class='ocrx_word' id='word_1_90' title='bbox 482 1294 519 1353; x_wconf 88' lang='lat' dir='ltr'><strong>do</strong></span> <span class='ocrx_word' id='word_1_91' title='bbox 542 1296 670 1355; x_wconf 79' lang='lat' dir='ltr'><strong>Christo.</strong></span> <span class='ocrx_word' id='word_1_92' title='bbox 713 1294 889 1374; x_wconf 73' lang='lat' dir='ltr'><strong>corporalia</strong></span> <span class='ocrx_word' id='word_1_93' title='bbox 904 1297 1046 1357; x_wconf 80' lang='lat' dir='ltr'><strong>exercitia</strong></span> 
     </span>
     <span class='ocr_line' id='line_1_12' title="bbox 81 1378 1046 1474; baseline 0.002 -22"><span class='ocrx_word' id='word_1_94' title='bbox 81 1378 161 1453; x_wconf 86' lang='grc' dir='ltr'><strong>-ιιοιι</strong></span> <span class='ocrx_word' id='word_1_95' title='bbox 188 1395 319 1453; x_wconf 86' lang='lat' dir='ltr'><strong>homines</strong></span> <span class='ocrx_word' id='word_1_96' title='bbox 354 1393 450 1452; x_wconf 88' lang='lat' dir='ltr'><strong>solum</strong></span> <span class='ocrx_word' id='word_1_97' title='bbox 484 1386 639 1473; x_wconf 80' lang='lat' dir='ltr'><strong>praestare</strong></span> <span class='ocrx_word' id='word_1_98' title='bbox 667 1401 809 1474; x_wconf 82' lang='lat' dir='ltr'>possunt,</span> <span class='ocrx_word' id='word_1_99' title='bbox 842 1392 895 1453; x_wconf 88' lang='lat' dir='ltr'><strong>sed</strong></span> <span class='ocrx_word' id='word_1_100' title='bbox 929 1395 1046 1455; x_wconf 82' lang='lat' dir='ltr'><strong>bestiae</strong></span> 
     </span>
     <span class='ocr_line' id='line_1_13' title="bbox 83 1475 1047 1576; baseline 0.001 -23"><span class='ocrx_word' id='word_1_101' title='bbox 83 1511 222 1576; x_wconf 71' lang='lat' dir='ltr'><strong>unoque,</strong></span> <span class='ocrx_word' id='word_1_102' title='bbox 240 1492 363 1571; x_wconf 85' lang='lat' dir='ltr'><strong>jejuniis</strong></span> <span class='ocrx_word' id='word_1_103' title='bbox 384 1498 417 1553; x_wconf 77' lang='lat' dir='ltr'><strong>et&#39;</strong></span> <span class='ocrx_word' id='word_1_104' title='bbox 438 1475 504 1569; x_wconf 79' lang='lat' dir='ltr'><strong>aliis</strong></span> <span class='ocrx_word' id='word_1_105' title='bbox 523 1498 651 1573; x_wconf 79' lang='lat' dir='ltr'><strong>possunt</strong></span> <span class='ocrx_word' id='word_1_106' title='bbox 672 1494 774 1574; x_wconf 69' lang='lat' dir='ltr'><strong>affligi·</strong></span> <span class='ocrx_word' id='word_1_107' title='bbox 796 1493 944 1567; x_wconf 73' lang='lat' dir='ltr'><strong>otientur</strong></span> <span class='ocrx_word' id='word_1_108' title='bbox 963 1493 1047 1554; x_wconf 72' lang='lat' dir='ltr'><strong>&#39;Pur-</strong></span> 
     </span>
     <span class='ocr_line' id='line_1_14' title="bbox 62 1578 1087 1672; baseline 0.003 -22"><span class='ocrx_word' id='word_1_109' title='bbox 62 1646 65 1650; x_wconf 81' lang='grc'><strong><em>,</em></strong></span> <span class='ocrx_word' id='word_1_110' title='bbox 97 1611 200 1655; x_wconf 87' lang='lat' dir='ltr'><strong>carum</strong></span> <span class='ocrx_word' id='word_1_111' title='bbox 222 1595 253 1652; x_wconf 91' lang='lat' dir='ltr'><strong>in</strong></span> <span class='ocrx_word' id='word_1_112' title='bbox 275 1594 478 1672; x_wconf 80' lang='lat' dir='ltr'><strong>corporalibus</strong></span> <span class='ocrx_word' id='word_1_113' title='bbox 500 1594 708 1653; x_wconf 85' lang='lat' dir='ltr'><strong>aitlietionibus</strong></span> <span class='ocrx_word' id='word_1_114' title='bbox 728 1578 836 1672; x_wconf 79' lang='lat' dir='ltr'><strong>magna</strong></span> <span class='ocrx_word' id='word_1_115' title='bbox 857 1603 923 1652; x_wconf 81' lang='lat' dir='ltr'><strong>ess‘e</strong></span> <span class='ocrx_word' id='word_1_116' title='bbox 937 1595 1049 1653; x_wconf 82' lang='lat' dir='ltr'><strong>severi-</strong></span> <span class='ocrx_word' id='word_1_117' title='bbox 1079 1638 1087 1644; x_wconf 88' lang='lat'><em>-</em></span> 
     </span>
     <span class='ocr_line' id='line_1_15' title="bbox 5 1691 1048 1780; baseline 0 -26"><span class='ocrx_word' id='word_1_118' title='bbox 5 1710 9 1715; x_wconf 89' lang='grc'><strong><em>·</em></strong></span> <span class='ocrx_word' id='word_1_119' title='bbox 95 1698 151 1754; x_wconf 86' lang='lat' dir='ltr'><strong>tas.</strong></span> <span class='ocrx_word' id='word_1_120' title='bbox 193 1691 235 1753; x_wconf 76' lang='lat' dir='ltr'><strong>dt</strong></span> <span class='ocrx_word' id='word_1_121' title='bbox 253 1712 341 1753; x_wconf 79' lang='lat' dir='ltr'><strong>sune</strong></span> <span class='ocrx_word' id='word_1_122' title='bbox 374 1694 453 1753; x_wconf 88' lang='lat' dir='ltr'><strong>inter</strong></span> <span class='ocrx_word' id='word_1_123' title='bbox 474 1693 656 1758; x_wconf 78' lang='lat' dir='ltr'><strong>&#39;christianos</strong></span> <span class='ocrx_word' id='word_1_124' title='bbox 685 1695 781 1780; x_wconf 83' lang='lat' dir='ltr'><strong>omnia</strong></span> <span class='ocrx_word' id='word_1_125' title='bbox 811 1693 952 1753; x_wconf 83' lang='lat' dir='ltr'><strong>exercitia</strong></span> <span class='ocrx_word' id='word_1_126' title='bbox 973 1706 977 1711; x_wconf 82' lang='lat'>·</span> <span class='ocrx_word' id='word_1_127' title='bbox 996 1692 1048 1754; x_wconf 86' lang='lat' dir='ltr'><strong>illa</strong></span> 
     </span>
     <span class='ocr_line' id='line_1_16' title="bbox 40 1789 1075 1873; baseline -0.001 -19"><span class='ocrx_word' id='word_1_128' title='bbox 40 1789 42 1793; x_wconf 70' lang='grc'><strong>’</strong></span> <span class='ocrx_word' id='word_1_129' title='bbox 96 1794 287 1873; x_wconf 86' lang='lat' dir='ltr'><strong>suscipienda</strong></span> <span class='ocrx_word' id='word_1_130' title='bbox 318 1798 402 1865; x_wconf 82' lang='lat' dir='ltr'><strong>sunt,</strong></span> <span class='ocrx_word' id='word_1_131' title='bbox 433 1793 509 1870; x_wconf 87' lang='lat' dir='ltr'><strong>quae</strong></span> <span class='ocrx_word' id='word_1_132' title='bbox 540 1795 692 1872; x_wconf 81' lang='lat' dir='ltr'><strong>pertinent</strong></span> <span class='ocrx_word' id='word_1_133' title='bbox 724 1792 763 1851; x_wconf 87' lang='lat' dir='ltr'><strong>ad</strong></span> <span class='ocrx_word' id='word_1_134' title='bbox 790 1792 963 1852; x_wconf 81' lang='lat' dir='ltr'><strong>frenandam</strong></span> <span class='ocrx_word' id='word_1_135' title='bbox 993 1802 1075 1853; x_wconf 75' lang='lat' dir='ltr'><strong>sou</strong></span> 
     </span>
     <span class='ocr_line' id='line_1_17' title="bbox 76 1891 1048 1954; baseline -0.002 0"><span class='ocrx_word' id='word_1_136' title='bbox 76 1892 330 1954; x_wconf 80' lang='lat' dir='ltr'><strong>&#39;mortificandam</strong></span> <span class='ocrx_word' id='word_1_137' title='bbox 351 1896 484 1952; x_wconf 54' lang='lat' dir='ltr'><strong>carnem(</strong></span> <span class='ocrx_word' id='word_1_138' title='bbox 522 1892 585 1952; x_wconf 86' lang='lat' dir='ltr'><strong>Sed</strong></span> <span class='ocrx_word' id='word_1_139' title='bbox 606 1893 717 1952; x_wconf 88' lang='lat' dir='ltr'><strong>audere</strong></span> <span class='ocrx_word' id='word_1_140' title='bbox 746 1894 783 1952; x_wconf 91' lang='lat' dir='ltr'><strong>ob</strong></span> <span class='ocrx_word' id='word_1_141' title='bbox 804 1910 910 1950; x_wconf 87' lang='lat' dir='ltr'><strong>nomen</strong></span> <span class='ocrx_word' id='word_1_142' title='bbox 932 1891 1048 1952; x_wconf 80' lang='lat' dir='ltr'><strong>christi</strong></span> 
     </span>
    </p>

    <p class='ocr_par' dir='ltr' id='par_1_3' title="bbox 5 1982 1068 2476">
     <span class='ocr_line' id='line_1_18' title="bbox 39 1982 1048 2074; baseline -0.001 -21"><span class='ocrx_word' id='word_1_143' title='bbox 39 2060 42 2065; x_wconf 55' lang='grc'><em>,</em></span> <span class='ocrx_word' id='word_1_144' title='bbox 96 1982 262 2074; x_wconf 88' lang='lat' dir='ltr'><strong>periculum</strong></span> <span class='ocrx_word' id='word_1_145' title='bbox 284 1993 360 2055; x_wconf 88' lang='lat' dir='ltr'><strong>vitae</strong></span> <span class='ocrx_word' id='word_1_146' title='bbox 382 1997 412 2051; x_wconf 90' lang='lat' dir='ltr'><strong>et</strong></span> <span class='ocrx_word' id='word_1_147' title='bbox 433 1992 618 2051; x_wconf 85' lang='lat' dir='ltr'><strong>fortunarum</strong></span> <span class='ocrx_word' id='word_1_148' title='bbox 640 1991 738 2062; x_wconf 89' lang='lat' dir='ltr'><strong>adire,</strong></span> <span class='ocrx_word' id='word_1_149' title='bbox 769 1990 807 2049; x_wconf 90' lang='lat' dir='ltr'><strong>ad</strong></span> <span class='ocrx_word' id='word_1_150' title='bbox 828 1991 860 2048; x_wconf 95' lang='lat' dir='ltr'><strong>id</strong></span> <span class='ocrx_word' id='word_1_151' title='bbox 881 1993 1048 2067; x_wconf 78' lang='lat' dir='ltr'><strong>requiritur</strong></span> 
     </span>
     <span class='ocr_line' id='line_1_19' title="bbox 5 2077 1049 2189; baseline 0.001 -39"><span class='ocrx_word' id='word_1_152' title='bbox 5 2146 8 2150; x_wconf 13' lang='grc' dir='ltr'><em>Δ</em></span> <span class='ocrx_word' id='word_1_153' title='bbox 74 2093 231 2174; x_wconf 79' lang='lat' dir='ltr'><strong>·Spiritus</strong></span> <span class='ocrx_word' id='word_1_154' title='bbox 252 2077 440 2189; x_wconf 77' lang='lat' dir='ltr'><strong>principalis,</strong></span> <span class='ocrx_word' id='word_1_155' title='bbox 462 2094 494 2149; x_wconf 89' lang='lat' dir='ltr'><strong>et</strong></span> <span class='ocrx_word' id='word_1_156' title='bbox 514 2092 607 2149; x_wconf 87' lang='lat' dir='ltr'><strong>oratio</strong></span> <span class='ocrx_word' id='word_1_157' title='bbox 623 2091 741 2162; x_wconf 71' lang='lat' dir='ltr'><strong>baeer,</strong></span> <span class='ocrx_word' id='word_1_158' title='bbox 743 2081 1049 2161; x_wconf 83' lang='lat' dir='ltr'><strong>‚Dominelubiarnea</strong></span> 
     </span>
     <span class='ocr_line' id='line_1_20' title="bbox 11 2180 1067 2273; baseline -0.004 -20"><span class='ocrx_word' id='word_1_159' title='bbox 11 2192 13 2199; x_wconf 82' lang='lat'>&#39;</span> <span class='ocrx_word' id='word_1_160' title='bbox 67 2238 70 2243; x_wconf 75' lang='lat'>-</span> <span class='ocrx_word' id='word_1_161' title='bbox 96 2193 244 2273; x_wconf 59' lang='lat' dir='ltr'><strong>aperiasfl</strong></span> <span class='ocrx_word' id='word_1_162' title='bbox 285 2192 352 2252; x_wconf 84' lang='lat' dir='ltr'><strong>Jam</strong></span> <span class='ocrx_word' id='word_1_163' title='bbox 372 2192 516 2250; x_wconf 85' lang='lat' dir='ltr'><strong>rationem</strong></span> <span class='ocrx_word' id='word_1_164' title='bbox 538 2187 630 2262; x_wconf 81' lang='lat' dir='ltr'><strong>addit,</strong></span> <span class='ocrx_word' id='word_1_165' title='bbox 658 2209 760 2266; x_wconf 86' lang='lat' dir='ltr'><strong>quare,</strong></span> <span class='ocrx_word' id='word_1_166' title='bbox 780 2180 940 2268; x_wconf 79' lang='lat' dir='ltr'><strong>postquam</strong></span> <span class='ocrx_word' id='word_1_167' title='bbox 956 2190 1048 2267; x_wconf 82' lang='lat' dir='ltr'><strong>jusu-</strong></span> <span class='ocrx_word' id='word_1_168' title='bbox 1063 2230 1067 2235; x_wconf 95' lang='lat'><em>-</em></span> 
     </span>
     <span class='ocr_line' id='line_1_21' title="bbox 97 2278 1049 2375; baseline -0.004 -21"><span class='ocrx_word' id='word_1_169' title='bbox 97 2293 204 2354; x_wconf 81' lang='lat' dir='ltr'><strong>duatus</strong></span> <span class='ocrx_word' id='word_1_170' title='bbox 239 2292 291 2364; x_wconf 85' lang='lat' dir='ltr'><strong>sit,</strong></span> <span class='ocrx_word' id='word_1_171' title='bbox 323 2291 396 2350; x_wconf 91' lang='lat' dir='ltr'><strong>nihil</strong></span> <span class='ocrx_word' id='word_1_172' title='bbox 415 2278 512 2370; x_wconf 84' lang='lat' dir='ltr'><strong>possit¹</strong></span> <span class='ocrx_word' id='word_1_173' title='bbox 539 2309 595 2349; x_wconf 91' lang='lat' dir='ltr'><strong>nec</strong></span> <span class='ocrx_word' id='word_1_174' title='bbox 626 2291 703 2350; x_wconf 88' lang='lat' dir='ltr'><strong>norit</strong></span> <span class='ocrx_word' id='word_1_175' title='bbox 731 2291 845 2361; x_wconf 82' lang='lat' dir='ltr'><strong>iacere,</strong></span> <span class='ocrx_word' id='word_1_176' title='bbox 881 2306 971 2375; x_wconf 76' lang='lat' dir='ltr'><strong>quani</strong></span> <span class='ocrx_word' id='word_1_177' title='bbox 991 2306 1049 2368; x_wconf 84' lang='lat' dir='ltr'><strong>per</strong></span> 
     </span>
     <span class='ocr_line' id='line_1_22' title="bbox 92 2377 1068 2485; baseline -0.009 -29"><span class='ocrx_word' id='word_1_178' title='bbox 92 2393 344 2476; x_wconf 79' lang='lat' dir='ltr'><strong>praedicationem</strong></span> <span class='ocrx_word' id='word_1_179' title='bbox 365 2392 490 2452; x_wconf 84' lang='lat' dir='ltr'><strong>nominis</strong></span> <span class='ocrx_word' id='word_1_180' title='bbox 509 2390 565 2449; x_wconf 89' lang='lat' dir='ltr'><strong>Dei</strong></span> <span class='ocrx_word' id='word_1_181' title='bbox 586 2408 675 2485; x_wconf 80' lang='lat' dir='ltr'><strong>agere</strong></span> <span class='ocrx_word' id='word_1_182' title='bbox 696 2389 816 2470; x_wconf 76' lang='lat' dir='ltr'><strong>gratias</strong></span> <span class='ocrx_word' id='word_1_183' title='bbox 837 2390 868 2447; x_wconf 84' lang='lat' dir='ltr'><strong>et</strong></span> <span class='ocrx_word' id='word_1_184' title='bbox 890 2386 979 2448; x_wconf 80' lang='lat' dir='ltr'><strong>dicit:</strong></span> <span class='ocrx_word' id='word_1_185' title='bbox 1064 2377 1068 2383; x_wconf 69' lang='grc'>’</span> 
     </span>
    </p>

    <p class='ocr_par' dir='ltr' id='par_1_4' title="bbox 489 2491 887 2560">
     <span class='ocr_line' id='line_1_23' title="bbox 489 2491 887 2560; baseline -0.008 -8.683"><span class='ocrx_word' id='word_1_186' title='bbox 489 2491 622 2560; x_wconf 83' lang='lat' dir='ltr'><strong>XVll.</strong></span> <span class='ocrx_word' id='word_1_187' title='bbox 702 2504 711 2530; x_wconf 53' lang='grc' dir='ltr'><strong>ι</strong></span> <span class='ocrx_word' id='word_1_188' title='bbox 884 2496 887 2500; x_wconf 78' lang='grc'>’</span> 
     </span>
    </p>

    <p class='ocr_par' dir='ltr' id='par_1_5' title="bbox 14 2587 1084 3769">
     <span class='ocr_line' id='line_1_24' title="bbox 54 2587 1054 2662; baseline -0.007 -6"><span class='ocrx_word' id='word_1_189' title='bbox 54 2625 56 2630; x_wconf 94' lang='grc'><strong><em>·</em></strong></span> <span class='ocrx_word' id='word_1_190' title='bbox 99 2595 285 2662; x_wconf 69' lang='lat' dir='ltr'><strong>Quoniam</strong></span> <span class='ocrx_word' id='word_1_191' title='bbox 314 2593 345 2653; x_wconf 91' lang='lat' dir='ltr'><strong>si</strong></span> <span class='ocrx_word' id='word_1_192' title='bbox 378 2591 582 2652; x_wconf 81' lang='lat' dir='ltr'><strong>voluisses</strong></span> <span class='ocrx_word' id='word_1_193' title='bbox 619 2589 880 2660; x_wconf 83' lang='lat' dir='ltr'><strong>sacrificium,</strong></span> <span class='ocrx_word' id='word_1_194' title='bbox 914 2587 1054 2649; x_wconf 86' lang='lat' dir='ltr'><strong>dedis</strong></span> 
     </span>
     <span class='ocr_line' id='line_1_25' title="bbox 99 2674 1082 2769; baseline -0.009 -13"><span class='ocrx_word' id='word_1_195' title='bbox 99 2713 187 2766; x_wconf 83' lang='lat' dir='ltr'><strong>sem,</strong></span> <span class='ocrx_word' id='word_1_196' title='bbox 208 2694 352 2769; x_wconf 87' lang='lat' dir='ltr'><strong>utique</strong></span> <span class='ocrx_word' id='word_1_197' title='bbox 372 2691 626 2752; x_wconf 83' lang='lat' dir='ltr'><strong>holocaustis</strong></span> <span class='ocrx_word' id='word_1_198' title='bbox 647 2708 736 2748; x_wconf 92' lang='lat' dir='ltr'><strong>non</strong></span> <span class='ocrx_word' id='word_1_199' title='bbox 757 2687 1048 2748; x_wconf 83' lang='lat' dir='ltr'><strong>delectaberis.</strong></span> <span class='ocrx_word' id='word_1_200' title='bbox 1063 2674 1082 2747; x_wconf 64' lang='grc'><strong>.’</strong></span> 
     </span>
     <span class='ocr_line' id='line_1_26' title="bbox 184 2786 1049 2875; baseline -0.008 -22"><span class='ocrx_word' id='word_1_201' title='bbox 184 2794 269 2853; x_wconf 87' lang='lat' dir='ltr'><strong>Haec</strong></span> <span class='ocrx_word' id='word_1_202' title='bbox 289 2801 336 2853; x_wconf 85' lang='lat' dir='ltr'><strong>cst</strong></span> <span class='ocrx_word' id='word_1_203' title='bbox 356 2790 446 2862; x_wconf 81' lang='lat' dir='ltr'><strong>ratio‚⁵</strong></span> <span class='ocrx_word' id='word_1_204' title='bbox 480 2808 534 2851; x_wconf 87' lang='lat' dir='ltr'><strong>cur</strong></span> <span class='ocrx_word' id='word_1_205' title='bbox 553 2789 624 2850; x_wconf 86' lang='lat' dir='ltr'><strong>velit</strong></span> <span class='ocrx_word' id='word_1_206' title='bbox 645 2788 822 2848; x_wconf 81' lang='lat' dir='ltr'><strong>annuntiare</strong></span> <span class='ocrx_word' id='word_1_207' title='bbox 842 2786 962 2875; x_wconf 83' lang='lat' dir='ltr'><strong>laudem</strong></span> <span class='ocrx_word' id='word_1_208' title='bbox 982 2786 1049 2860; x_wconf 81' lang='lat' dir='ltr'><strong>Ilei,</strong></span> 
     </span>
     <span class='ocr_line' id='line_1_27' title="bbox 100 2874 1052 2974; baseline -0.008 -19"><span class='ocrx_word' id='word_1_209' title='bbox 100 2897 178 2974; x_wconf 86' lang='lat' dir='ltr'><strong>quia,</strong></span> <span class='ocrx_word' id='word_1_210' title='bbox 200 2893 310 2971; x_wconf 86' lang='lat' dir='ltr'><strong>inquit,</strong></span> <span class='ocrx_word' id='word_1_211' title='bbox 333 2911 391 2951; x_wconf 89' lang='lat' dir='ltr'><strong>non</strong></span> <span class='ocrx_word' id='word_1_212' title='bbox 411 2890 533 2972; x_wconf 85' lang='lat' dir='ltr'><strong>placent</strong></span> <span class='ocrx_word' id='word_1_213' title='bbox 553 2890 607 2949; x_wconf 90' lang='lat' dir='ltr'><strong>tihi</strong></span> <span class='ocrx_word' id='word_1_214' title='bbox 628 2887 782 2948; x_wconf 87' lang='lat' dir='ltr'><strong>sacrificia.</strong></span> <span class='ocrx_word' id='word_1_215' title='bbox 826 2887 885 2946; x_wconf 91' lang='lat' dir='ltr'><strong>Sed</strong></span> <span class='ocrx_word' id='word_1_216' title='bbox 914 2874 1052 2947; x_wconf 63' lang='lat' dir='ltr'><strong>haec&#39;an</strong></span> 
     </span>
     <span class='ocr_line' id='line_1_28' title="bbox 99 2985 1050 3064; baseline -0.005 -11"><span class='ocrx_word' id='word_1_217' title='bbox 99 3014 158 3054; x_wconf 93' lang='lat' dir='ltr'><strong>non</strong></span> <span class='ocrx_word' id='word_1_218' title='bbox 179 2994 329 3054; x_wconf 87' lang='lat' dir='ltr'><strong>haeretica</strong></span> <span class='ocrx_word' id='word_1_219' title='bbox 348 3009 403 3052; x_wconf 78' lang='lat' dir='ltr'><strong>vox</strong></span> <span class='ocrx_word' id='word_1_220' title='bbox 424 2993 478 3062; x_wconf 85' lang='lat' dir='ltr'><strong>est,</strong></span> <span class='ocrx_word' id='word_1_221' title='bbox 500 2990 599 3049; x_wconf 87' lang='lat' dir='ltr'><strong>dicere</strong></span> <span class='ocrx_word' id='word_1_222' title='bbox 616 2993 715 3049; x_wconf 82' lang='lat' dir='ltr'><strong>stante</strong></span> <span class='ocrx_word' id='word_1_223' title='bbox 730 2987 828 3045; x_wconf 88' lang='lat' dir='ltr'><strong>adhuc</strong></span> <span class='ocrx_word' id='word_1_224' title='bbox 845 2985 913 3064; x_wconf 81' lang='lat' dir='ltr'><strong>lege</strong></span> <span class='ocrx_word' id='word_1_225' title='bbox 934 2992 966 3045; x_wconf 92' lang='lat' dir='ltr'><strong>et</strong></span> <span class='ocrx_word' id='word_1_226' title='bbox 985 2992 1050 3048; x_wconf 89' lang='lat' dir='ltr'><strong>toto</strong></span> 
     </span>
     <span class='ocr_line' id='line_1_29' title="bbox 14 3084 1051 3177; baseline -0.006 -22"><span class='ocrx_word' id='word_1_227' title='bbox 14 3123 15 3127; x_wconf 41' lang='lat'>¹</span> <span class='ocrx_word' id='word_1_228' title='bbox 99 3093 199 3177; x_wconf 72' lang='lat' dir='ltr'><strong>entus</strong></span> <span class='ocrx_word' id='word_1_229' title='bbox 233 3093 297 3152; x_wconf 87' lang='lat' dir='ltr'><strong>Non</strong></span> <span class='ocrx_word' id='word_1_230' title='bbox 316 3092 359 3151; x_wconf 82' lang='lat' dir='ltr'><strong>vis</strong></span> <span class='ocrx_word' id='word_1_231' title='bbox 380 3088 573 3160; x_wconf 83' lang='lat' dir='ltr'><strong>sacrffioium‚&#39;</strong></span> <span class='ocrx_word' id='word_1_232' title='bbox 586 3086 768 3148; x_wconf 84' lang='lat' dir='ltr'><strong>holocaustis</strong></span> <span class='ocrx_word' id='word_1_233' title='bbox 789 3105 846 3145; x_wconf 87' lang='lat' dir='ltr'><strong>non</strong></span> <span class='ocrx_word' id='word_1_234' title='bbox 869 3084 1051 3149; x_wconf 77' lang='lat' dir='ltr'><strong>delectarisi</strong></span> 
     </span>
     <span class='ocr_line' id='line_1_30' title="bbox 98 3188 1054 3273; baseline -0.002 -20"><span class='ocrx_word' id='word_1_235' title='bbox 98 3191 164 3272; x_wconf 74' lang='lat' dir='ltr'><strong>ll&#39;go</strong></span> <span class='ocrx_word' id='word_1_236' title='bbox 186 3191 303 3273; x_wconf 81' lang='lat' dir='ltr'><strong>quidem</strong></span> <span class='ocrx_word' id='word_1_237' title='bbox 326 3208 416 3269; x_wconf 82' lang='lat' dir='ltr'><strong>saepe</strong></span> <span class='ocrx_word' id='word_1_238' title='bbox 436 3191 561 3263; x_wconf 87' lang='lat' dir='ltr'><strong>miratus</strong></span> <span class='ocrx_word' id='word_1_239' title='bbox 582 3200 655 3248; x_wconf 79' lang='lat' dir='ltr'><strong>sum·</strong></span> <span class='ocrx_word' id='word_1_240' title='bbox 667 3188 745 3247; x_wconf 85' lang='lat' dir='ltr'><strong>hunc</strong></span> <span class='ocrx_word' id='word_1_241' title='bbox 765 3189 979 3269; x_wconf 88' lang='lat' dir='ltr'><strong>prophetarum</strong></span> <span class='ocrx_word' id='word_1_242' title='bbox 997 3208 1054 3251; x_wconf 88' lang='lat' dir='ltr'><strong>un·</strong></span> 
     </span>
     <span class='ocr_line' id='line_1_31' title="bbox 59 3286 1052 3369; baseline -0.003 -17"><span class='ocrx_word' id='word_1_243' title='bbox 59 3348 62 3352; x_wconf 13' lang='grc' dir='ltr'><em>Δ</em></span> <span class='ocrx_word' id='word_1_244' title='bbox 99 3290 222 3361; x_wconf 58' lang='lat' dir='ltr'><strong>deciana</strong></span> <span class='ocrx_word' id='word_1_245' title='bbox 244 3289 325 3366; x_wconf 87' lang='lat' dir='ltr'><strong>quod</strong></span> <span class='ocrx_word' id='word_1_246' title='bbox 345 3292 388 3349; x_wconf 83' lang='lat' dir='ltr'><strong>sic</strong></span> <span class='ocrx_word' id='word_1_247' title='bbox 409 3290 577 3350; x_wconf 89' lang='lat' dir='ltr'><strong>contemtim</strong></span> <span class='ocrx_word' id='word_1_248' title='bbox 597 3288 635 3347; x_wconf 92' lang='lat' dir='ltr'><strong>de</strong></span> <span class='ocrx_word' id='word_1_249' title='bbox 656 3286 806 3347; x_wconf 84' lang='lat' dir='ltr'><strong>sacrificiis</strong></span> <span class='ocrx_word' id='word_1_250' title='bbox 828 3292 933 3348; x_wconf 92' lang='lat' dir='ltr'><strong>contra</strong></span> <span class='ocrx_word' id='word_1_251' title='bbox 953 3289 1052 3369; x_wconf 77' lang='lat' dir='ltr'><strong>legem</strong></span> 
     </span>
     <span class='ocr_line' id='line_1_32' title="bbox 100 3370 1084 3469; baseline -0.001 -19"><span class='ocrx_word' id='word_1_252' title='bbox 100 3388 178 3450; x_wconf 85' lang='lat' dir='ltr'><strong>llosi</strong></span> <span class='ocrx_word' id='word_1_253' title='bbox 209 3395 240 3449; x_wconf 90' lang='lat' dir='ltr'><strong>et</strong></span> <span class='ocrx_word' id='word_1_254' title='bbox 271 3390 365 3450; x_wconf 81' lang='lat' dir='ltr'><strong>&#39;ritum</strong></span> <span class='ocrx_word' id='word_1_255' title='bbox 396 3391 442 3461; x_wconf 85' lang='lat' dir='ltr'><strong>sui</strong></span> <span class='ocrx_word' id='word_1_256' title='bbox 475 3386 579 3469; x_wconf 87' lang='lat' dir='ltr'><strong>populi</strong></span> <span class='ocrx_word' id='word_1_257' title='bbox 610 3388 670 3448; x_wconf 87' lang='lat' dir='ltr'><strong>sint</strong></span> <span class='ocrx_word' id='word_1_258' title='bbox 682 3376 790 3446; x_wconf 88' lang='lat' dir='ltr'><strong>locuti.</strong></span> <span class='ocrx_word' id='word_1_259' title='bbox 834 3386 950 3451; x_wconf 72' lang='lat' dir='ltr'><strong>Quodsi</strong></span> <span class='ocrx_word' id='word_1_260' title='bbox 970 3392 1053 3468; x_wconf 72' lang='lat' dir='ltr'><strong>papa</strong></span> <span class='ocrx_word' id='word_1_261' title='bbox 1080 3370 1084 3383; x_wconf 51' lang='lat'>¹</span> 
     </span>
     <span class='ocr_line' id='line_1_33' title="bbox 101 3485 1054 3568; baseline -0.003 -16"><span class='ocrx_word' id='word_1_262' title='bbox 101 3508 188 3552; x_wconf 83' lang='lat' dir='ltr'><strong>sacra</strong></span> <span class='ocrx_word' id='word_1_263' title='bbox 216 3492 246 3549; x_wconf 84' lang='lat' dir='ltr'><strong>et</strong></span> <span class='ocrx_word' id='word_1_264' title='bbox 276 3487 555 3549; x_wconf 76' lang='lat' dir='ltr'><strong>ceremonias-suas</strong></span> <span class='ocrx_word' id='word_1_265' title='bbox 577 3505 611 3547; x_wconf 84' lang='lat' dir='ltr'><strong>ao</strong></span> <span class='ocrx_word' id='word_1_266' title='bbox 631 3485 718 3546; x_wconf 88' lang='lat' dir='ltr'><strong>modo</strong></span> <span class='ocrx_word' id='word_1_267' title='bbox 739 3505 773 3545; x_wconf 84' lang='lat' dir='ltr'><strong>ex</strong></span> <span class='ocrx_word' id='word_1_268' title='bbox 793 3488 884 3547; x_wconf 79' lang='lat' dir='ltr'><strong>verbo</strong></span> <span class='ocrx_word' id='word_1_269' title='bbox 904 3486 961 3546; x_wconf 85' lang='lat' dir='ltr'><strong>Dei</strong></span> <span class='ocrx_word' id='word_1_270' title='bbox 983 3497 1054 3568; x_wconf 80' lang='lat' dir='ltr'><strong>por·</strong></span> 
     </span>
     <span class='ocr_line' id='line_1_34' title="bbox 99 3585 1064 3672; baseline -0.005 -20"><span class='ocrx_word' id='word_1_271' title='bbox 99 3595 150 3653; x_wconf 80' lang='lat' dir='ltr'><strong>set</strong></span> <span class='ocrx_word' id='word_1_272' title='bbox 169 3586 314 3672; x_wconf 81' lang='lat' dir='ltr'><strong>probare,</strong></span> <span class='ocrx_word' id='word_1_273' title='bbox 339 3589 418 3649; x_wconf 78' lang='lat' dir='ltr'><strong>sicut</strong></span> <span class='ocrx_word' id='word_1_274' title='bbox 438 3586 546 3649; x_wconf 79' lang='lat' dir='ltr'><strong>ludaei</strong></span> <span class='ocrx_word' id='word_1_275' title='bbox 567 3585 713 3647; x_wconf 84' lang='lat' dir='ltr'><strong>sacrificia</strong></span> <span class='ocrx_word' id='word_1_276' title='bbox 733 3603 795 3670; x_wconf 84' lang='lat' dir='ltr'><strong>sua,</strong></span> <span class='ocrx_word' id='word_1_277' title='bbox 823 3586 958 3664; x_wconf 82' lang='lat' dir='ltr'><strong>proiecto</strong></span> <span class='ocrx_word' id='word_1_278' title='bbox 977 3604 1064 3647; x_wconf 75' lang='lat' dir='ltr'><strong>nun·</strong></span> 
     </span>
     <span class='ocr_line' id='line_1_35' title="bbox 101 3685 1058 3769; baseline -0.001 -17"><span class='ocrx_word' id='word_1_279' title='bbox 101 3701 189 3767; x_wconf 77' lang='lat' dir='ltr'><strong>quam</strong></span> <span class='ocrx_word' id='word_1_280' title='bbox 210 3690 311 3751; x_wconf 72' lang='lat' dir='ltr'><strong>&#39;maus</strong></span> <span class='ocrx_word' id='word_1_281' title='bbox 348 3706 443 3769; x_wconf 78' lang='lat' dir='ltr'><strong>essem</strong></span> <span class='ocrx_word' id='word_1_282' title='bbox 465 3685 577 3766; x_wconf 83' lang='lat' dir='ltr'><strong>aliquid</strong></span> <span class='ocrx_word' id='word_1_283' title='bbox 598 3690 702 3750; x_wconf 83' lang='lat' dir='ltr'><strong>contra</strong></span> <span class='ocrx_word' id='word_1_284' title='bbox 727 3686 850 3748; x_wconf 75' lang='lat' dir='ltr'><strong>hiscere</strong></span> <span class='ocrx_word' id='word_1_285' title='bbox 893 3685 1058 3751; x_wconf 56' lang='lat' dir='ltr'><strong>Nonum</strong></span> 
     </span>
    </p>
   </div>
   <div class='ocr_carea' id='block_1_3' title="bbox 0 0 1106 4064">
    <p class='ocr_par' dir='ltr' id='par_1_6' title="bbox 0 0 1106 4064">
     <span class='ocr_line' id='line_1_36' title="bbox 0 0 1106 4064; baseline 0 0"><span class='ocrx_word' id='word_1_286' title='bbox 0 0 1106 4064; x_wconf 95' lang='lat' dir='ltr'><strong> </strong></span> 
     </span>
    </p>
   </div>
   <div class='ocr_carea' id='block_1_4' title="bbox 403 3990 487 4002">
    <p class='ocr_par' dir='ltr' id='par_1_7' title="bbox 403 3990 487 4002">
     <span class='ocr_line' id='line_1_37' title="bbox 403 3990 487 4002; baseline 0 0"><span class='ocrx_word' id='word_1_287' title='bbox 403 3990 487 4002; x_wconf 56' lang='lat' dir='ltr'><strong>nun-</strong></span> 
     </span>
    </p>
   </div>
  </div>
 </body>
</html>
