2204 4058
119 226 181 313 tlt
410 237 740 315 ¹'l’r'selsettcnss

362 396 605 475 PSALMUS
631 401 819 477 cxxllt.

312 582 366 644 Ad
386 590 424 645 te
444 584 572 645 levesi
599 584 737 647 oculos
756 603 869 647 meos.

202 702 258 761 Est
284 700 332 761 bic
360 701 508 779 psalmus,
544 702 621 761 sicut
649 701 773 772 videtis,
804 703 879 762 setis
905 704 1066 785 brevisl),

121 803 186 863 ideo
211 805 312 879 aptum
334 800 498 878 exemplum
521 806 575 871 est,
597 800 677 876 quod
699 801 830 860 ostendit
850 803 909 861 vim
923 806 1067 865 orationis

119 921 178 961 non
199 920 265 960 esse
282 900 460 978 positam-ln
480 899 679 975 multiloquio,
701 899 754 959 sed
775 900 805 958 in
828 903 948 980 spiritu.
993 904 1064 965 linm

120 1002 208 1061 etiam
237 1016 335 1077 pauco
363 1000 453 1057 verbe
481 1018 588 1077 magne
616 1017 715 1057 rernm
743 1000 878 1080 pondere
906 1003 1063 1082 complecti

112 1099 259 1181 possunt,
283 1097 443 1157 accedente
456 1099 565 1176 spiritu
587 1102 617 1157 et
637 1099 885 1160 inenarrabilibus
904 1104 1061 1179 gemitibus

119 1199 232 1269 cordis,
261 1198 438 1275 pracsertim
459 1215 525 1255 cum
547 1198 709 1255 necessitas
737 1199 882 1275 ejusmodi
910 1202 1058 1273 incumbit,

113 1304 152 1360 nt
173 1316 231 1358 non
252 1298 291 1355 sit
311 1296 439 1375 spatium
460 1295 600 1373 longioris
615 1294 755 1356 orationis
776 1298 975 1361 meditandae.
1005 1302 1057 1361 Ex·

118 1402 199 1460 stent
222 1397 338 1473 quidem
360 1396 506 1455 orationes
530 1395 666 1473 copiosne
688 1400 718 1455 et
737 1397 868 1477 prolixae
882 1399 912 1456 in
930 1400 1054 1478 psalmis,
1090 1405 1093 1474 ;

116 1479 150 1560 ¹et
170 1501 248 1557 inter
268 1498 399 1571 reliquas
419 1495 609 1573 propheticas
630 1496 754 1573 insignis
782 1500 828 1555 est
853 1496 906 1555 ille
929 1498 1053 1560 Danielis
1091 1481 1093 1491 Ι

118 1609 209 1669 nono,
239 1595 292 1655 sed
313 1595 406 1653 omnis
435 1596 529 1654 crntio
551 1598 612 1653 tum
634 1597 706 1653 setis
735 1594 823 1674 longi
850 1600 912 1668 est,
942 1598 1051 1675 mendo

119 1698 243 1757 allectus
266 1699 312 1753 est
332 1695 503 1767 vehemens,
527 1698 556 1753 et
577 1692 715 1771 intelligit
734 1698 922 1773 praesentem
934 1696 1051 1757 necessi·

117 1802 226 1867 telem,
253 1813 330 1870 quac
351 1794 461 1854 sanctis
483 1794 634 1873 objicitur,
664 1810 722 1851 non
743 1791 780 1851 de
799 1792 934 1855 leviculis
961 1783 1051 1868 rebnn

117 1895 221 1973 quales
242 1893 370 1951 mundus
391 1896 530 1952 maximas
557 1892 689 1969 judicet,
720 1910 786 1951 cum
809 1896 861 1952 nul
889 1894 1051 1972 pericliter·

117 1996 187 2055 dum
209 1996 255 2051 est
272 1991 309 2050 de
329 1992 409 2049 rictu
431 1974 483 2051 eut
510 1992 575 2050 eliis
603 1992 745 2052 similibus
773 1994 878 2064 rebus,
908 1993 964 2053 sed
991 2010 1050 2053 enm

109 2092 293 2175 *opprimitur
315 2090 438 2149 ecclesis
459 2096 650 2165 tyrannorum
672 2093 774 2162 ermis,
796 2109 861 2150 cum
883 2093 1051 2171 proluuntur

112 2210 221 2252 nomen
242 2190 349 2248 domini
370 2184 494 2269 impnris
524 2189 725 2269 dogmatibus,
753 2194 783 2249 et
812 2191 837 2250 si
865 2209 925 2267 qne
953 2192 1049 2253 similit
1081 2191 1087 2208 ⁸

114 2289 202 2362 bunt,
236 2297 312 2366 qnae
346 2288 383 2347 cd
411 2289 533 2369 gloriam
568 2290 624 2349 Dei
668 2308 704 2350 ac
730 2290 855 2350 salutem
893 2292 1050 2351 animarum

115 2390 236 2473 proprie
264 2390 423 2467 portinent.
471 2386 556 2447 llaec
583 2369 719 2468 perionis
747 2390 810 2449 iere
838 2408 898 2449 non
931 2392 1051 2471 possunt

115 2493 248 2553 orations
270 2489 341 2558 dici,
362 2487 428 2546 ideo
449 2491 511 2546 tum
535 2506 602 2547 rere
623 2494 709 2547 orant
728 2490 831 2561 snncti,
854 2490 974 2566 qnando
989 2505 1050 2552 cun

111 2589 217 2651 'dolore
238 2589 325 2647 enimi
348 2592 379 2646 et
399 2590 482 2646 anxio
504 2588 610 2667 spiritu
631 2588 689 2646 ista
709 2590 738 2646 in
759 2589 868 2649 mundo
895 2583 1000 2650 vident
1019 2571 1061 2647 ct¹

116 2690 322 2772 experiuntur,
343 2704 379 2743 ae
400 2685 437 2743 de
458 2687 492 2745 iis
516 2688 592 2746 serio
615 2689 752 2765 cogitant.

178 2787 245 2848 td
265 2784 482 2843 buncmodum
502 2785 550 2844 bic
569 2785 701 2864 psalmus
722 2784 817 2867 est²)
839 2788 934 2851 cretio
954 2788 1073 2849 contn'

116 2889 261 2969 superbos
282 2890 312 2943 et
333 2885 471 2955 secisros,
500 2884 577 2942 sicut
598 2887 725 2946 ostendit
745 2892 915 2966 postremus
943 2903 1049 2949 verm
1090 2923 1093 2940 ι

114 2987 155 3049 lli
176 2973 274 3047 sutem
295 2987 366 3042 sunt
387 2999 447 3041 non
465 2986 580 3042 tentum
601 2985 679 3044 inter
706 3005 771 3059 eos,
801 2988 852 3064 qni
871 2988 964 3071 impie
985 2984 1050 3064 dog·

110 3084 194 3147 'mets
215 3086 395 3160 sequuntur,
425 3081 478 3140 sed
500 3082 587 3139 etiem
607 3084 685 3144 inter
706 3105 771 3158 eos,
799 3088 851 3163 qui
871 3085 976 3146 volunt
993 3082 1050 3165 glo-

109 3165 187 3245 ³rlsri
207 3184 244 3242 de
270 3183 358 3240 verbo
387 3185 417 3240 et
445 3200 517 3239 sene
545 3172 693 3256 doctrine,
722 3186 772 3261 qui
801 3186 934 3265 gaudent
960 3181 1051 3254 titulo,

115 3281 194 3361 qriod
214 3281 343 3362 populus
371 3279 436 3339 Ilei·
455 3286 493 3344 et,
513 3279 637 3339 ecclesio
663 3284 736 3357 sint,
766 3286 876 3361 quique
902 3279 1051 3345 nobiscnm
1090 3357 1093 3368 1

110 3383 275 3480 'perticipes
309 3380 411 3441 baberi
441 3364 543 3439 volsint
578 3382 701 3443 nominis
735 3388 765 3443 et
794 3384 906 3464 gloriae
934 3380 1051 3452 cnrlrt',

77 3553 82 3562 ,
113 3488 261 3545 ettamen
284 3479 470 3539 sunt-securi
492 3479 629 3557 spiritus,
658 3482 707 3557 qui
729 3485 902 3545 subrident
922 3488 1052 3558 nutmt·

107 3576 187 3643 leste
208 3582 346 3641 exercent
365 3579 480 3639 sincere
502 3577 656 3641 docentes.¹
695 3580 816 3643 Talium
836 3601 945 3664 magns
968 3579 1053 3663 copis
1090 3645 1093 3652 ,

111 3666 323 3684 kunnan—uun·—

64 3764 104 3808 ι
177 3695 213 3765 1)
233 3692 331 3749 Oresio
350 3695 454 3754 brevis.
490 3694 525 3767 2)
544 3694 654 3749 Summe
674 3695 782 3766 psalmi.
