2204 4058
375 222 415 284 ln
437 223 578 299 Psalm,
600 223 711 283 uren.
963 231 1025 290 223

159 375 252 438 Porro
273 376 331 439 lme
351 387 433 439 certo
454 377 646 438 statuendum
667 379 714 437 est
728 371 781 451 ²),
802 376 882 453 quod
903 381 1027 441 verbum

67 472 124 536 Dei
153 502 212 542 non
233 484 328 543 solum
350 479 503 558 templum,
526 476 579 537 sed
600 477 808 536 ecclesiumet
825 496 908 538 ceres
925 481 1025 541 cultus

67 575 163 657 lucit,
185 583 330 661 templum
352 585 455 638 eontra
476 597 573 653 neque
594 578 666 636 lucit
688 576 857 650 ecclesium,
887 599 942 639 nec
964 581 1027 641 cul-

67 678 127 748 ice,
157 683 320 742 secundum
341 680 525 738 sententium:
545 677 750 753 „Quocunque
772 679 835 737 lnce
858 699 912 756 ege
927 682 1025 742 iecere

66 785 245 843 memoriam
266 781 390 840 nominis
412 779 477 849 mei,
498 777 539 835 ibi
562 777 600 835 ad
622 781 652 835 tc
673 779 795 850 veniam,
817 783 847 837 et
868 781 922 839 tibi
938 785 1027 842 benc-

67 872 199 942 tlicanu“
240 881 300 942 Hic
319 878 392 939 nihil
418 878 526 949 refert,
555 877 616 937 sive
638 896 672 935 ex
692 896 778 949 nure,
809 880 871 938 siue
891 901 925 939 ex
945 882 1026 962 ligne

65 974 103 1032 flii
139 982 302 1061 templum,
333 981 396 1040 sive
424 980 464 1038 sit
492 976 660 1047 stabulum,
691 978 768 1036 sicut
789 979 821 1035 in
842 979 1026 1055 Bethlehem,

64 1074 133 1137 tice
147 1082 345 1162 regiademus
358 1081 389 1137 in
408 1077 605 1137 Hierusalem.
623 1136 626 1143 ,
648 1076 722 1135 Nam
743 1079 802 1136 ista
817 1082 939 1138 externe
953 1082 1026 1141 nihil

59 1186 159 1253 -sunt,
179 1201 236 1241 nec
256 1181 452 1241 aestimantur
472 1197 491 1237 a
512 1176 637 1248 domine,
658 1177 789 1235 sicutud
804 1178 921 1238 Nathan
937 1181 1025 1241 dicit:

61 1272 246 1359 „Numquid
265 1282 384 1342 locutus
404 1297 471 1337 sum
498 1277 537 1336 ud
564 1296 654 1336 unam
683 1277 722 1335 de
753 1278 892 1339 tribubus
923 1281 1024 1353 lsrael,

61 1368 199 1441 licens:
220 1400 315 1459 quare
336 1399 394 1440 nen
414 1378 576 1437 aedificasti
598 1375 669 1435 mihi
697 1377 816 1435 domum
837 1365 1030 1439 cedrinamt“'

43 1469 121 1539 ,θῑῢ
148 1482 240 1541 laceb
256 1501 291 1540 ex
310 1479 418 1558 lapide,
440 1497 499 1554 que
514 1495 570 1557 pre
585 1475 733 1555 pulvinari
749 1480 814 1535 erat
826 1496 910 1552 usuc,
930 1480 1026 1543 altare

59 1580 196 1654 c⁰¹1nlit,
218 1584 250 1642 et
269 1583 356 1639 vocat
377 1578 495 1637 demum
515 1577 584 1647 Dei,
607 1577 687 1652 qued
707 1577 748 1633 ibi
768 1576 905 1637 dominus
925 1600 959 1640 se
978 1601 1026 1643 re-

57 1668 216 1742 velasset.
265 1667 428 1758 'semplum
461 1678 552 1756 igitur
579 1679 640 1746 est,
672 1677 845 1752 ubicunque
872 1677 954 1739 Deus
989 1701 1024 1742 se

56 1781 190 1842 revelet
209 1800 266 1861 per
288 1781 412 1838 verbum
445 1796 547 1847 suum,
576 1777 638 1835 sive
659 1775 690 1834 id
712 1777 752 1835 sit
780 1796 814 1835 ex
840 1794 929 1851 auro,
961 1781 1023 1840 sive

57 1881 92 1921 01
130 1875 208 1944 lnte.
251 1880 428 1953 Quanquam
452 1879 542 1955 igitur
556 1878 652 1955 ipsum
668 1876 795 1947 demum,
816 1893 905 1953 quam
918 1885 1025 1958 postea

58 1954 194 2040 Salonio
210 1977 385 2048 aedificavit,
408 1979 496 2035 etium
510 1976 716 2055 complectitur
729 1974 835 2047 David,
851 1972 950 2039 tu'men
971 1998 1024 2061 pe-

58 2060 224 2139 ligsimum
243 2081 307 2158 ugit
327 2077 365 2136 de
396 2078 497 2135 fructu
524 2077 628 2156 templi
658 2077 848 2149 aedificandi,
880 2080 1023 2156 quodibi

62 2159 193 2238 ‘beten
215 2179 385 2250 ecclesium,
419 2179 530 2237 oraturi
555 2183 585 2237 et
612 2176 807 2236 sacrificaturi
829 2180 897 2237 sint.
939 2180 1024 2241 Haec

66 2270 120 2327 “t
146 2280 195 2339 illa
214 2278 344 2349 laetitia,
378 2296 466 2353 quam
487 2279 517 2335 in
532 2278 588 2336 hoc
608 2276 673 2337 loco
696 2277 849 2336 audiemus
868 2281 1023 2358 magnifice

70 2373 263 2449 cruentari,
288 2379 368 2455 qued
388 2378 533 2448 laetatur,
563 2359 632 2435 dum
653 2378 787 2455 agnoscit
808 2377 883 2435 illud
906 2380 1025 2439 inaesti-

73 2475 184 2538 “labile
205 2479 330 2549 dunum,
364 2477 481 2554 quando
504 2477 638 2535 deminus
669 2477 738 2547 dat,
769 2480 805 2535 ut
832 2478 927 2557 possit
959 2479 1024 2554 ejus

77 2572 200 2635 lltrbum
219 2577 331 2649 audiri,
363 2576 481 2654 quande
503 2575 616 2636 revelat
647 2575 752 2636 faciem
772 2595 869 2647 suum,
903 2578 1025 2637 etfacit

79 2674 134 2734 ¹10⁸
161 2681 244 2737 recte
273 2670 453 2737 sentirem
482 2694 537 2735 sua
569 2694 640 2754 cuge
671 2694 724 2737 nos
754 2677 916 2737 voluntate.
958 2677 1025 2738 Hoc

85 2760 188 2836 (lenum
209 2796 279 2837 cnm
300 2777 399 2850 adest,
420 2777 514 2857 pelles
536 2776 720 2836 tubernaculi
744 2778 867 2838 blesaici
887 2780 1025 2857 pretiesi-

22 2908 30 2920 -
87 2885 146 2937 ores
167 2882 240 2937 sunt
268 2879 347 2937 omni
377 2897 450 2937 aure
478 2882 508 2936 et
541 2878 678 2957 gemmis:
706 2883 811 2937 centra
831 2897 898 2937 cum
929 2881 1024 2954 abest,

86 2974 150 3036 nihil
169 2978 296 3038 interest
314 2979 393 3037 inter
412 2976 488 3038 illesi
508 2977 734 3038 tabernaculum
751 2981 782 3038 et
799 2978 856 3037 elie
869 2981 1024 3058 gentilium

87 3074 201 3157 temple.

158 3175 371 3256 Theologistae
391 3177 485 3237 nostri
505 3175 599 3235 multa
627 3176 782 3256 disputent
814 3178 851 3238 cle
882 3179 1027 3243 delinitio-

81 3277 163 3336 nibus
204 3278 411 3356 personalibus
443 3277 603 3336 divinitatis
636 3282 692 3336 etc.
746 3278 807 3337 Sed
847 3279 898 3338 illa
928 3286 1026 3342 emnia

82 3378 205 3436 rationis
233 3381 305 3437 sunt
323 3377 484 3449 humanae,
517 3395 594 3453 quac
625 3378 689 3436 sine
709 3381 799 3437 verbo
827 3383 857 3439 et
877 3401 948 3440 vera
968 3383 1023 3440 Dei

79 3478 184 3536 notitia
205 3479 387 3556 cogitantur,
416 3495 567 3552 nunquam
583 3495 616 3536 ee
638 3478 814 3548 deveniunt,
845 3484 879 3538 ut
899 3487 952 3540 eut
973 3482 1025 3540 ‹lu-

80 3581 167 3635 ceant
188 3580 242 3634 aut
262 3578 400 3656 cogitent,
423 3577 495 3654 quid
514 3577 596 3637 Deus
617 3580 770 3638 nobiscum
791 3583 861 3657 agat
876 3577 923 3655 ³).
946 3580 1025 3640 Iline

84 3663 291 3680 *nu—uun*

149 3688 183 3760 2)
202 3689 349 3762 Templum
370 3691 443 3762 quil.
480 3690 514 3762 3)
533 3691 663 3767 cognitio
683 3689 739 3746 net
758 3708 827 3748 vem
845 3693 922 3765 quil.
