2190 4064
326 140 331 157 ¹
380 95 731 196 rae‘rnl·'cxrlxrr.³
927 112 1046 203 ser

71 294 242 352 slstuarnuo
263 305 333 360 nos,
355 271 441 348 si‘lle
462 287 572 347 mundo
593 294 782 360 uremusss'
799 289 910 353 munio
926 290 1020 371 illllpl,

70 399 97 456 sl
117 396 198 454 eninr
227 410 327 473 pupae·
346 382 476 464 adunit,
496 400 535 455 et
562 406 639 469 quae
666 394 731 472 ipse
756 392 880 473 probet,
911 394 1019 456 docere

27 522 37 532 ·
71 499 235 570 vellemus,
256 502 459 579 auraretuns,
487 516 546 589 nup
561 501 807 579 persequeretur,
835 510 894 560 nou
914 502 1020 562 lerlret

70 606 222 664 sententio
235 598 451 661 anethamatis·
485 594 536 661 Sic
551 604 693 663 baeretici
714 604 865 676 et'seotea
886 606 1020 681 stenae

70 711 147 788 ipsis
175 708 312 788 placent,
337 709 557 787 probaremus,
590 724 649 769 non
674 703 720 767 sle
750 710 869 769 acerbe
885 709 1019 771 odissent

18 854 23 867 .
70 830 136 874 nos.
180 812 238 873 llic
260 814 351 890 igitur
376 814 610 892 perpetuus'est
638 816 744 875 cur'aus
764 806 883 885 manui,
910 816 1018 891 utqui

69 925 101 978 lu
118 902 253 978 'ecclesia
272 917 376 978 volunt
396 936 471 988 esse·
492 936 525 977 sc
545 908 719 998 comparent
736 920 776 979 orl
798 920 857 980 istu
876 919 1020 981 scandulis

69 1028 180 1102 rne'gno
209 1018 320 1093 auimo,
355 1021 464 1081 fiducia
491 1024 724 1110 promissionuna
739 1024 814 1096 Del,·
830 1018 1018 1085 'sustinenda

41 1180 44 1186 .
70 1135 104 1189 'et
123 1126 305 1208 superanda.
347 1127 507 1187 Promissio
535 1134 634 1187 entem
661 1128 692 1187 in
720 1130 777 1188 hu'c
803 1131 868 1189 tole
889 1132 949 1201 est,
980 1132 1018 1190 ut

71 1232 278 1294 consolemur
281 1249 334 1289 nos
355 1248 416 1289 eo
399 1233 506 1308 ,quud
527 1232 670 1293 hebemus
690 1231 788 1293 Deum
808 1233 964 1306 laventem,
985 1236 1017 1293 et
1043 1312 1046 1321 Ι

72 1337 156 1415 quod
183 1336 284 1396 hostes
305 1337 388 1394 verbi
415 1336 569 1396 ecclesiam
598 1348 657 1396 uon
684 1341 834 1410 avertent,
863 1342 1016 1441 utcunque

70 1447 178 1501 contra
200 1454 265 1500 eam
286 1440 407 1512 furiant,
444 1441 511 1500 leleo
532 1441 660 1511 scilicet,
693 1442 763 1517 quia
784 1442 922 1503 domiuus·
946 1434 1016 1522 pro·

69 1547 180 1633 ducet,
209 1565 277 1617 serr,
306 1547 370 1604 nt’
362 1565 392 1603 ιιι
412 1545 541 1615 hebraeo
563 1551 624 1620 est,
659 1547 826 1626 germinare
859 1549 899 1609 ibi
926 1548 1016 1609 faciet

69 1666 167 1723 coram
187 1651 291 1739 Dauid.

148 1759 251 1818 -Notus
273 1761 319 1815 est
339 1754 425 1815 locus
444 1757 474 1813 in
496 1750 644 1816 Zacharia
664 1753 702 1814 de
721 1751 851 1817 Zem‘ecb
872 1774 926 1815 ocu
948 1773 1016 1834 ger-

70 1842 161 1922 mine.
205 1860 308 1937 ltaque
329 1859 450 1936 qnidam
473 1860 612 1939 judiomu
631 1860 681 1920 bic
701 1844 827 1923 obscure
854 1878 910 1941 per
930 1880 1016 1923 roca·

69 1966 183 2037 buluur
198 1964 380 2044 germluandi
402 1964 561 2042 significari
576 1966 736 2037 Christum,
757 1966 788 2024 in
811 1984 869 2043 quo
889 1952 1014 2046 regnum

68 2069 169 2129 Dauid
190 2089 260 2147 rere
282 2070 485 2129 conlinnulum
501 2074 555 2155 eat,
576 2090 673 2147 neque
693 2090 747 2151 ego
769 2071 855 2131 ualde
870 2089 1014 2151 repugno,

69 2180 101 2234 et
122 2181 223 2235 tamen
243 2176 320 2252 ululo
342 2176 371 2232 in
395 2175 583 2253 simplicitate
604 2177 709 2236 literae
723 2171 907 2247 concinere,
934 2175 1015 2251 quod

69 2280 247 2358 simpliciter
263 2281 418 2357 promittat
438 2278 545 2338 [laridi
566 2287 596 2339 et
625 2280 722 2340 lucum
746 2287 777 2340 et
807 2282 1014 2373 posteritatem

68 2391 195 2443 certam.
236 2383 304 2443 ldeo
332 2388 431 2444 autern
462 2387 559 2444 utitur
564 2385 772 2473 germinandi
792 2369 950 2456 vocabulo,
980 2379 1016 2444 ut

67 2489 219 2568 significet
239 2491 467 2562 incrementum,
498 2491 577 2552 sicut
597 2472 706 2549 nostris
728 2490 859 2548 moribus
888 2490 1014 2568 impera-

66 2601 166 2654 toreru
179 2603 339 2673 augustum
351 2613 490 2654 vocamus
510 2596 547 2654 ab
561 2593 706 2672 augendo
748 2589 810 2653 Nisi
832 2593 908 2652 enim
920 2610 1015 2673 regne

67 2706 335 2772 conservarentur,
368 2701 516 2779 perirent,
547 2705 578 2758 et
598 2698 734 2759 crescere
761 2698 807 2757 est
835 2698 1013 2758 conseruari.

67 2806 122 2864 Slc
144 2804 271 2864 ecclesie
292 2809 447 2884 germinat,
469 2804 525 2865 etsi
545 2808 670 2886 propter
691 2803 913 2881 persecutiones
934 2802 1015 2863 ulde-

66 2914 121 2968 tnr
142 2908 280 2980 diminui,
302 2911 373 2986 quia
393 2914 549 2968 conservat
569 2927 633 2967 eum
654 2907 807 2979 dominus,
829 2913 861 2968 et
881 2908 1014 2984 quotidie

66 3018 162 3092 auget
183 3018 374 3093 perverbum
396 3019 425 3072 et
439 3015 582 3093 Spiritum
605 3030 700 3071 suum.
743 3013 898 3072 Sententia
911 3015 1013 3089 itaquc

32 3094 40 3109 ¹
67 3125 132 3191 est,
151 3114 243 3198 'quodx
256 3120 390 3180 dominus
413 3136 505 3178 cornu
526 3117 633 3187 David,
654 3117 710 3175 hoc
730 3124 785 3186 est,
806 3133 939 3194 regnum,
961 3133 1014 3196 po·

65 3227 197 3286 tentiam
231 3231 263 3284 ct
291 3224 495 3285 tortitudinem
522 3221 693 3292 benedicet,
725 3219 804 3295 quod
834 3223 1013 3299 gubernabit

66 3336 99 3390 et
122 3331 261 3390 servabit.
301 3329 463 3388 Personam
490 3328 567 3387 enirn
593 3325 754 3405 praecipue
775 3328 883 3386 notare
910 3325 1011 3396 voluit,
1070 3314 1073 3329 ’

65 3437 188 3495 ntcerti
210 3438 310 3495 essent
324 3439 436 3514 posteri
457 3432 609 3503 dedomo,
630 3446 756 3509 persona
779 3435 811 3489 et
830 3428 894 3490 loco
915 3431 1010 3507 regni.

57 3614 61 3629 .
91 3612 94 3616 ι
151 3539 412 3614 coadaequari:
452 3538 577 3610 „Parnoi
597 3536 749 3595 lucernam
773 3533 904 3593 Christo
918 3540 1010 3605 meo,“

64 3643 252 3707 hebraismus
276 3648 337 3717 eat,
369 3643 420 3720 qui
441 3642 577 3718 convenit
601 3640 664 3701 tere
686 3657 752 3700 curn
774 3657 824 3712 eo,
855 3637 936 3717 quod
955 3656 1009 3699 nos
