2204 4058
72 120 134 183 2⁰2
308 178 312 186 ,
429 112 656 182 Enarratio

71 268 170 329 tinmi
212 256 375 343 Teitio·)„›
389 259 1031 343 etiarnsirnorumnnmerus‘deiinitnsemt,
1059 341 1062 349 ¹

74 374 183 450 quibus
209 372 358 457 duratura
384 379 466 436 esset
493 363 661 453 eaptivitas.
703 373 821 433 tiorum
843 375 917 451 quiri
939 377 1032 436 simiis

74 476 182 538 iuriam
210 477 299 538 hodie
327 483 455 557 possunt
476 479 655 538 ostenderet
698 477 765 538 Non
786 478 886 538 solum
906 498 1031 577 rsppnm

75 598 222 658 nusquam
250 583 377 655 habent,
406 581 473 643 sed!
489 601 528 642 ne
556 584 676 661 quidem
696 601 844 663 personas
867 583 1030 646 dettinatsr

75 704 186 766 regno,
207 692 330 769 praeter
350 686 382 746 id
404 687 484 764 qnod
506 706 604 767 neque
624 668 913 751 annorum‘oertum
935 710 1031 750 nume.-

69 799 143 852 'rum
171 812 228 871 nee
255 795 378 853 verbnm
401 811 455 852 seu
475 795 639 873 prophetas
660 794 781 854 habent
826 794 1030 874 Quemprm·

78 884 175 958 eiuras
187 897 328 974 reliquias
343 898 375 954 in
389 899 564 977 captivitate
576 900 708 959 habebat
723 898 866 978 populus.
911 900 1033 970 Certum·

78 1001 170 1080 ipitur
191 1005 254 1073 est,
274 998 407 1060 ludaeos
429 1000 519 1080 piane
539 1004 680 1082 periisse,
701 1005 732 1059 ot
742 1006 938 1080 praesentem
959 1003 1030 1064 eale·

79 1107 214 1165 mitatem
242 1123 301 1164 non
329 1103 441 1164 debore
455 1101 616 1185 ‘appellari
637 1107 860 1185 eaptivitatem,
891 1107 950 1167 seri
971 1110 1032 1167 sin·

34 1234 44 1251 κ
80 1209 200 1290 pliciter
222 1210 463 1281 destructionem,
484 1212 563 1270 sient
584 1210 692 1270 Daniel
713 1211 948 1288 quoqne'riicits
978 1211 1032 1282 „tt

80 1316 207 1395 posthae
228 1315 287 1373 erit
307 1312 403 1373 finis.“
444 1314 600 1380 Quomodo
621 1317 699 1375 enim
721 1321 823 1376 stante
841 1317 1032 1395 promissione

80 1419 138 1478 trec
159 1419 290 1498 popuius
311 1418 368 1478 Dei
398 1412 502 1499 potest
529 1420 650 1499 penitus
685 1421 750 1480 sine
770 1439 843 1500 rege
875 1421 915 1482 tie
936 1428 1031 1483 rantra

82 1524 206 1584 Doridis
217 1524 305 1587 essai
347 1522 422 1583 Nam
443 1526 474 1583 in
497 1525 883 1603 captivitateBabylonies,
907 1529 965 1587 etsi
976 1528 1032 1587 sine

82 1630 177 1709 regno
198 1635 300 1701 erant,
320 1633 421 1688 tamen
441 1630 540 1707 regias
561 1647 705 1708 personas
727 1633 871 1707 tanquam
893 1631 1032 1693 scintiliae

60 1736 63 1744 '
85 1726 237 1810 quasdam
252 1733 524 1813 regni-habebant,
554 1714 634 1795 sient
654 1735 774 1807 dieunt,
796 1744 944 1812 tanquam
965 1740 1033 1798 sein·

85 1839 180 1898 titiam
201 1839 239 1898 de
259 1838 517 1899 iucarnassavidis
538 1844 611 1899 tnnc
631 1838 883 1906 inissereiietam.
927 1843 1035 1922 Hujus·

20 1967 23 1972 ·
85 1947 165 2005 modi
187 1945 259 2004 nihil
279 1945 387 2005 iudaei
408 1945 496 2003 hodie
511 1945 642 2015 -bebent,
664 1945 765 2020 itaque
786 1962 836 2004 res
858 1949 970 2028 arguit,
991 1964 1035 2007 eos

87 2050 241 2110 damnatos
271 2070 338 2111 esse
363 2069 431 2110 cum
453 2050 531 2109 omni
552 2049 695 2129 religione
716 2068 788 2121 sua,
822 2034 875 2112 aut
897 2071 1037 2133 praesens

86 2157 244 2236 promissio
265 2155 373 2237 psalmi
396 2173 472 2214 vana
493 2158 540 2214 est
561 2159 592 2214 et
613 2155 755 2233 mendax,
781 2173 865 2232 -quae
886 2158 1039 2218 coufirmat

88 2280 146 2321 non
168 2261 339 2321 defuturam
361 2261 568 2341 posteritatem
582 2259 691 2321 Doridi
711 2278 808 2338 usque
822 2263 862 2322 ad
877 2263 1038 2335 Christum,

88 2367 176 2451 eujus
198 2386 324 2447 regnum
346 2370 500 2425 aeternum
522 2373 579 2427 est.

171 2473 264 2533 Porro
294 2472 332 2531 da
358 2472 582 2551 praesumtione
610 2473 768 2551 impiorum
793 2491 887 2554 supra
909 2474 1040 2545 diximus,

89 2596 167 2655 quas
188 2578 272 2649 iecit,
302 2588 338 2636 ut
370 2595 471 2636 omnes
500 2576 670 2664 hujusmodi
699 2581 913 2657 promissiones
944 2585 1042 2641 essent

90 2689 241 2786 cruentae
285 2680 359 2739 Nam
381 2700 449 2740 eum
470 2680 510 2740 ad
530 2681 596 2760 pios
617 2685 740 2760 proprie
758 2686 941 2762 pertineant,
963 2685 1041 2764 impii

90 2806 210 2867 semper
242 2805 293 2847 eas
322 2786 378 2845 sibi
408 2790 560 2865 arrogent
604 2784 722 2850 Quibus
743 2805 812 2845 cum
833 2787 1043 2849 contradicunt

35 2938 37 2945 .
90 2893 149 2975 pii,
179 2898 210 2952 et
229 2893 382 2951 minantur
403 2893 445 2949 eis
467 2891 541 2949 iram
562 2889 618 2950 Dei
643 2903 734 2969 atque
755 2894 891 2964 exitium,
915 2895 973 2954 vim
993 2911 1043 2972 pa·

90 3002 161 3080 rant
183 2998 276 3077 impii.
320 2996 501 3056 Discendum
523 2997 624 3072 itaque
645 3000 708 3068 est,
747 2996 826 3074 quod
848 2999 906 3056 sub
928 2999 1043 3061 nomme
1062 3070 1065 3080 Ι

92 3096 236 3160 eeclesiae
278 3102 372 3162 omnis
416 3101 534 3182 generis
574 3101 761 3160 incommoda
793 3101 982 3162 machinetur
1015 3103 1044 3160 et

91 3210 190 3266 struat
211 3207 315 3266 Satan.
358 3207 410 3266 Sic
431 3207 581 3278 videmus,
608 3207 681 3282 quid
701 3224 783 3285 papa
803 3206 834 3265 in
855 3207 984 3268 ecelesia
1004 3205 1044 3266 ei⁴

90 3311 197 3371 iecerit
216 3328 276 3368 uno
299 3311 356 3369 hoo
376 3315 552 3390 praetextu,
573 3310 654 3386 qnod
673 3312 826 3391 persuasit
847 3313 930 3384 orbi,
951 3310 1044 3372 secie

42 3434 45 3440 ·
92 3416 166 3475 riam
195 3433 254 3474 non
283 3432 372 3492 posse
393 3434 509 3488 errare,
543 3415 700 3476 ecclesium
731 3434 790 3475 non
818 3433 910 3495 posse
936 3416 1045 3496 perire.

93 3519 171 3578 Vera
191 3518 310 3594 quidem
331 3538 385 3578 vox
406 3529 469 3592 est,
501 3520 556 3582 sed
584 3521 641 3581 hoe
669 3522 758 3581 etiam
779 3520 952 3583 addendum
973 3524 1044 3593 erat,

107 3605 311 3620 m

169 3629 202 3694 *J
223 3625 253 3676 iu
273 3627 363 3694 oria:
385 3622 531 3681 Tertia.
