2190 4064
50 279 52 285 .
107 214 172 277 am
368 212 731 313 ΙΙΙίιοΙιιιιίιιιιοι

106 384 210 430 mones
230 292 269 426 do
287 366 416 445 pecunia
435 367 537 427 tristes
557 386 638 439 essa,
678 369 731 429 nisi
751 348 877 431 senous
899 352 999 453 nugas
1015 370 1069 443 dt:

107 468 262 527 levissimis
282 466 372 524 rebus
393 468 487 545 magis
507 468 679 528 exhilarant.
720 468 776 529 His
797 471 895 548 igitur
915 474 948 531 et
977 472 1046 543 sinis

107 568 187 627 libus
207 566 330 635 auxiliis,
349 582 426 639 quas
445 566 573 627 mundus
595 569 719 644 quaerit,
741 568 866 647 opponit
885 568 984 631 David
1001 570 1045 653 du·

106 668 236 738 minum,
268 666 318 740 qui
344 682 403 722 nou
423 664 518 725 solum
541 686 646 726 eurum
667 672 698 727 et
718 671 876 746 argentum
896 670 982 744 ferit,
999 671 1041 749 qui

106 785 167 827 nou
188 764 283 825 solum
302 764 422 843 fruges,
453 784 576 841 aquam,
606 770 637 825 et
657 766 771 827 coetum
792 772 826 827 at·
843 773 957 829 terram
962 766 1052 841 ierit,-

106 868 165 927 hoc
183 869 237 936 ost,
258 862 393 942 angelos,
414 866 560 938 homines,
580 870 616 926 ut
636 850 802 941 universom
817 856 1039 941 'meaturamot

106 970 229 1047 praeter
248 962 322 1053 hoco
341 967 542 1025 remissionem
562 972 761 1044 peccatorum,
781 964 880 1047 fidem,
894 966 1037 1045 jmtiun'

106 1066 250 1127 laetitiam
271 1067 302 1121 et
320 1080 425 1141 pacem
447 1064 554 1136 cordis,
576 1084 641 1124 cum
662 1067 729 1145 ipsa
748 1066 810 1125 rita
830 1054 978 1129 aeterdu-
990 1066 1061 1129 llio

105 1174 162 1241 est,
184 1168 294 1243 inquit,
325 1164 464 1225 auxilium
485 1183 581 1223 meum
603 1166 786 1243 omnipotens
808 1168 839 1223 et
860 1168 990 1240 corium,
1007 1156 1060 1227 da'

105 1286 165 1348 quo
187 1268 324 1327 dubitare
344 1282 403 1325 uon
422 1281 553 1343 possum,
574 1263 654 1339 quod
673 1283 733 1323 uno
752 1268 900 1325 momento
917 1268 1038 1327 ocuiima

61 1412 64 1427 .
105 1367 198 1447 fatiat.
240 1364 287 1425 Ab
307 1365 362 1424 hoc
383 1363 498 1447 domino
520 1367 589 1440 poto
611 1346 770 1436 auxilium,
786 1366 837 1440 qui
855 1369 960 1444 potest
978 1366 1040 1425 dam

106 1486 165 1533 uon
189 1471 306 1526 tantum
338 1438 494 1524 sanitatem
514 1476 692 1543 paucorum
700 1482 858 1542 annorum,
879 1464 936 1525 sed
956 1468 1041 1539 aetar-

54 1594 59 1605 ¹
105 1587 174 1627 nam
194 1569 284 1628 vitam
306 1584 372 1625 cum
393 1566 554 1624 securitate
575 1563 791 1634 conscientiae,
818 1568 850 1622 et
876 1568 950 1643 post·
973 1564 1064 1635 amo,

105 1672 204 1729 vitam
247 1668 280 1725 iu
301 1666 356 1725 hac
377 1668 476 1725 autem
503 1664 564 1723 rito
596 1661 724 1742 largitur
744 1664 1044 1754 contemtum'mortia

106 1775 138 1829 et
157 1769 285 1830 omnium
304 1766 446 1824 furiarum
467 1763 578 1822 muudi.
676 1804 680 1813 .
708 1820 713 1833 ,
1083 1772 1085 1777 ·

187 1867 236 1928 Ad
256 1867 336 1925 hunc
355 1863 474 1922 modum
494 1862 655 1922 inflammat
675 1881 708 1922 so
728 1861 898 1941 prophotas,¹
916 1866 950 1925 at
968 1864 1049 1925 amu

104 1968 192 2028 tidem
214 1982 305 2035 suam,
327 1962 439 2022 nobis
431 1982 461 2019 ιιι
482 1960 659 2040 exemplum,
681 1965 717 2021 ut
735 1980 788 2021 nos
809 1962 929 2045 quoque
947 1970 1050 2045 nostra

104 2069 234 2127 douoct
254 2082 337 2143 spem
358 2067 488 2121 nostram
518 2059 737 2138 amplificemus.
781 2062 815 2120 Si
835 2063 912 2122 euim
943 2066 1050 2125 rustici

104 2170 231 2249 possunt
252 2161 431 2243 amplificare
451 2178 584 2217 nummos
605 2178 688 2231 suos,
716 2161 768 2236 qui
795 2161 835 2220 od
865 2168 1049 2225 momentum

104 2269 229 2338 durant,
258 2268 288 2323 et
314 2264 345 2321 in
364 2260 518 2341 levissimis
539 2257 678 2337 periculis
697 2259 804 2336 juvare
831 2280 891 2320 uon
910 2268 1051 2341 possunt,

94 2347 279 2449 fai-possunt
299 2362 396 2423 offerri
417 2365 448 2421 et
467 2359 563 2419 indari
577 2366 703 2441 propter
734 2380 813 2443 opes,
837 2380 893 2421 cur
906 2380 963 2423 nos
989 2382 1051 2423 uon

105 2465 371 2528 otiamintiare'mur
390 2461 498 2520 fiducia
517 2460 662 2533 tantilisi,
684 2465 734 2539 qui
749 2460 863 2521 coelum
884 2464 915 2521 et
935 2465 1052 2523 terram

104 2569 223 2636 crearit,
245 2566 296 2643 qui
317 2563 413 2622 omnio
433 2560 523 2621 habet
542 2561 573 2619 in
593 2579 648 2620 sua
667 2580 764 2633 manu,
786 2543 894 2637 quibus
915 2566 1052 2639 opusest

37 2658 39 2662 ’
103 2668 143 2727 ad
162 2666 240 2724 hanc
259 2664 348 2722 ritem
370 2665 400 2720 ot
419 2660 574 2720 futurami
616 2660 681 2719 Sed·
706 2662 775 2737 quia
795 2638 952 2719 invisibilia
972 2661 1051 2721 haec

31 2817 34 2825 ,
103 2768 182 2835 suut,
203 2762 270 2823 ideo
291 2780 310 2819 a
330 2762 414 2821 uobis
434 2759 496 2818 sere
516 2760 715 2839 negliguntur.
742 2758 923 2819 Disceudum
944 2764 1049 2821 autem

22 2916 25 2921 .
103 2873 169 2935 est,
196 2866 241 2933 ui,
261 2862 318 2921 etsi
335 2858 530 2943 jejunandum
557 2863 587 2918 at
608 2859 767 2919 carendum
787 2858 1050 2935 aliquamdiu-hoo

102 2963 209 3023 auxilio
233 2965 287 3033 ost,
306 2964 407 3019 tamon
424 2974 577 3037 speremus
598 2962 679 3017 corto
699 2964 857 3018 venturum
877 2977 954 3018 osso.

100 3060 148 3122 lii.
193 3062 273 3120 Nou
310 3040 435 3118 detin
460 3057 744 3116 commotionem
774 3056 1048 3136 pedcmtuu'm,·

221 3175 346 3236 neque
368 3157 577 3225 dormitet,
598 3157 669 3230 qui
693 3156 872 3216 custodit
890 3160 937 3215 to.

182 3257 305 3317 Rectius
326 3256 467 3335 leguntur
485 3252 560 3313 haec
582 3255 613 3312 iu
632 3255 750 3314 futuro:
791 3256 856 3314 Non
877 3255 977 3341 dabit,
1008 3260 1048 3317 ut

100 3360 254 3417 moveatur
272 3375 327 3437 pes
347 3362 434 3428 tuus,
464 3373 561 3431 neque
582 3354 758 3424 dormitabit,
780 3357 830 3431 qui
851 3354 983 3414 custodit
1002 3360 1045 3417 te.

100 3454 249 3516 Cohaeret
280 3460 379 3539 autem
409 3456 459 3515 hic
484 3472 588 3513 versura
614 3474 680 3513 cum
708 3455 922 3533 superioribus:
961 3454 1046 3520 (tuis

99 3558 177 3617 enim
190 3556 319 3615 instituit
327 3556 474 3635 propheto
484 3554 712 3613 exhortationem
735 3553 878 3625 adlidem,
901 3554 1058 3634 hoangit,

63 3675 71 3682 ·
98 3662 134 3717 ut
154 3658 200 3718 his
221 3674 277 3719 ceu
295 3655 537 3736 promissionibus
556 3654 656 3727 instet,
676 3657 783 3733 urgeat
803 3658 834 3713 et
853 3652 1044 3717 hortatund

323 3956 360 4002 Ι
484 3993 490 4002 .
