2190 4064
35 238 39 245 ἱ
113 274 165 338 dd*
338 296 341 301 ·
417 242 422 251 .
477 275 688 335 Enarratio
740 232 744 241 ἱ

112 426 424 489 ammoneremus
446 432 499 486 aut
520 405 922 508 vrnorcrae‘cogoao'roneus
944 437 1070 499 anun

110 536 170 591 tur.
213 530 255 588 ibi
276 531 301 588 si
330 530 396 607 quis
425 526 462 586 ad
484 530 645 587 orationem
667 530 811 601 hortetur,
834 535 936 593 statim
959 539 1069 615 objicit

17 707 20 711 .
83 691 85 695 ,
111 629 463 708 ιιιίιιιιιεὶιιιριιιίιιιῒειιι,
494 630 580 704 quasi
600 630 630 686 io
653 631 718 688 istis
746 631 884 693 sordibus
906 639 1067 715 cogitatio-

111 749 183 790 num
204 729 327 809 orationi
350 747 410 789 non
431 731 527 808 possit
546 748 614 788 esse
635 729 727 789 locus.
769 730 827 790 Hic
849 738 957 794 eontra
978 756 1066 817 urge,

106 828 299 891 mulio-modo
321 828 552 907 exspectandum
572 828 660 888 finem
681 830 863 902 tentationis,
882 833 983 901 ,donec
995 836 1064 897 libi-

106 932 187 993 dinis
208 934 261 990 eut
279 928 403 989 alterius
423 929 486 987 vitii
509 928 701 1006 cogitationes
721 930 818 997 animo
839 934 961 1010 penitus
976 936 1064 995 effln.

54 1024 56 1029 ’
108 1037 170 1104 ont,
192 1029 297 1091 sedin
316 1046 352 1088 eo
374 1029 439 1107 ipso
462 1033 627 1098 momento,
655 1040 714 1104 quo
735 1032 935 1091 tentationem
965 1040 1061 1097 sentis

109 1152 175 1193 esse
204 1124 413 1191 validissimam
445 1133 477 1187 et
495 1120 526 1187 te
559 1128 597 1186 ad
618 1128 761 1188 orandum
788 1132 1061 1211 imparatissimnrn,

109 1212 218 1294 secede
238 1231 269 1289 in
290 1229 389 1289 locum
410 1229 513 1299 scium,
535 1234 566 1289 et
587 1246 640 1287 ora
663 1228 838 1289 dominicam
854 1229 1059 1310 precationem
1080 1272 1083 1277 -

106 1338 162 1393 aut
184 1330 328 1417 quidquid
348 1329 469 1388 taudem
490 1330 579 1406 potes
599 1328 698 1389 dicere
725 1330 830 1397 coirtra
852 1333 997 1394 Saturium
1028 1343 1063 1423 et,

108 1433 302 1492 tentationem
322 1431 404 1508 ejus:
425 1432 498 1487 tune
519 1430 629 1487 senties
650 1432 843 1503 tentationem
859 1433 1000 1512 mitigari,
1022 1454 1058 1495 ac
1082 1422 1085 1429 ¹

107 1536 250 1594 Batauam
270 1535 357 1613 terga
378 1534 503 1588 vertere.

47 1623 48 1626 '
129 1704 133 1713 Ι
157 1678 159 1685 ,
189 1632 305 1699 Quodsi
334 1631 400 1707 quis
421 1624 591 1690 'orationem
614 1632 759 1689 existimat
781 1612 983 1704 differendam,
1005 1616 1057 1693 de
1082 1628 1091 1643 “

104 1752 163 1794 nee
183 1735 297 1792 animus
318 1748 412 1809 purus
430 1730 482 1788 fiat
503 1732 540 1789 ab
561 1731 685 1809 impuris
707 1732 946 1809 cogitationibus,
967 1735 994 1793 is
1013 1736 1056 1792 ni-

106 1835 149 1894 hii
170 1833 251 1892 atiud
272 1832 351 1901 iacit,
373 1848 461 1907 quam
483 1828 666 1888 utSatana'm
688 1830 796 1906 alioqui
816 1831 886 1910 pius
908 1836 983 1910 satis
1002 1851 1056 1914 pe

102 1938 217 2013 tentem
250 1930 373 2008 adjuvet
400 1948 456 1988 sua
482 1931 628 2006 sapientia
657 1935 687 1987 et
713 1933 833 2012 virtutes
875 1932 962 1992 llaec
982 1952 1052 1993 vero

14 2096 16 2100 ,
87 2032 224 2114 ¹gentilis
245 2030 349 2109 religio
369 2033 400 2093 et
421 2028 581 2105 sophistice
601 2033 655 2099 est,
678 2032 735 2089 imo
758 2032 888 2090 Satanae
909 2033 1054 2106 doctrina,
1077 2044 1088 2099 ⁸,

103 2132 318 2207 contraquam
339 2127 504 2206 exemplum
526 2132 556 2186 et
577 2128 712 2187 contina
733 2130 821 2208 hujus
830 2131 939 2209 pselmi
948 2139 1078 2195 tenen-'f

33 2263 35 2266 ·
103 2234 144 2297 da
164 2237 225 2303 est,
254 2231 284 2287 in
305 2246 365 2305 qua
385 2228 537 2298 ridemus,
553 2226 706 2287 'Davidem
727 2232 758 2287 in
779 2230 844 2309 ipso
865 2234 959 2292 totius
980 2252 1053 2293 suae

103 2330 285 2413 impuritatis
307 2332 470 2406 conspectu
490 2332 522 2386 et
540 2329 569 2384 iu
585 2328 728 2408 singulari
739 2333 837 2390 carnis
852 2337 980 2410 peceato
993 2350 1052 2392 non
1076 2360 1079 2367 ¹

102 2432 321 2510 alteo-ingere,
344 2430 421 2487 sicut
431 2428 540 2486 Petrus
562 2426 654 2487 stulte
675 2428 795 2488 dicebat
815 2430 846 2488 in
866 2433 953 2490 ueri:
975 2432 1054 2504 „Dn-

96 2509 180 2593 'enine
202 2532 286 2591 exi'a
305 2542 367 2599 me,
387 2529 618 2611 quippeccator
639 2534 744 2598 sum,“
771 2528 824 2588 sed
853 2548 920 2589 eum
941 2530 1054 2591 fiducia

100 2630 325 2691 misericordiae
334 2629 501 2707 prorumpit
521 2630 552 2686 iu
565 2629 742 2700 orationem·
756 2633 786 2688 et
807 2630 893 2689 dicit:
914 2629 1053 2701 Domine,

102 2735 128 2792 si
149 2748 214 2792 sum
235 2733 384 2808 peccator,
407 2728 486 2786 sicut
506 2746 580 2798 sum,
601 2730 742 2787 miserere
762 2731 829 2788 mei.
871 2730 952 2795 Quia
972 2733 1050 2790 enim

100 2851 171 2892 rere
191 2831 324 2890 sentiunt
345 2823 447 2886 nostra
469 2826 560 2887 corda
579 2832 744 2906 peccatum,
764 2828 830 2888 ideo
852 2830 947 2908 magis
962 2830 1066 2890 debe·

99 2950 165 2991 mus
186 2948 242 3010 per
262 2931 424 2988 orationem
445 2927 483 2986 ad
503 2925 599 2986 Deum
621 2928 770 2987 accedere.
799 2927 897 2988 Antea
919 2934 985 2989 erat
1005 2930 1052 2989 fn-

99 3032 255 3111 gieudum,
283 3033 373 3087 entea
394 3032 459 3086 erat
479 3028 656 3087 metuendus
677 3028 772 3100 Deus,
795 3048 862 3088 cum
881 3029 1050 3108 periculum
1079 3076 1084 3091 .

100 3135 195 3202 esset,
227 3149 265 3188 ne
295 3129 462 3187 laberemur
484 3131 515 3188 in
535 3132 709 3207 peccatrun,
730 3134 799 3208 post
819 3129 937 3208 lapsum
960 3130 1051 3191 debet

98 3232 214 3310 sperari
235 3231 334 3300 venia,
357 3233 387 3286 et
408 3231 478 3308 peti,
500 3246 558 3288 nou
580 3228 669 3287 debet
690 3231 789 3288 resisti
810 3231 841 3286 in
863 3208 1073 3307 cogitationi-¹

98 3332 155 3389 bus
176 3332 239 3389 irae
260 3333 290 3388 et
310 3330 432 3387 timoris.
459 3329 543 3387 Nune
564 3331 662 3387 Satau'
680 3329 735 3387 hoc
756 3328 827 3408 agit,
848 3334 883 3386 ut
905 3330 963 3388 iste
973 3329 1048 3389 orde

96 3434 300 3515 pervertatur,
327 3432 362 3487 ut
382 3431 412 3487 in
433 3431 564 3508 peccatis
595 3428 750 3508 patrandis
772 3429 863 3487 simus
886 3431 986 3488 securi
1018 3434 1050 3498 et

94 3531 161 3590 sine
193 3532 297 3589 timore
319 3529 388 3599 Dei,
421 3535 453 3588 et
472 3533 515 3600 ut,
536 3532 696 3609 postquam
717 3530 837 3606 patrata
866 3532 959 3600 sunt,
985 3546 1049 3588 ma-

95 3648 218 3693 neamus
236 3631 270 3687 in
289 3630 406 3700 timore,
429 3631 493 3690 sine
514 3647 568 3708 spe
590 3632 621 3687 et
643 3627 752 3686 fiducia
771 3628 1005 3689 misericordiae.

170 3730 238 3791 Sed
259 3728 417 3799 Davidem,
446 3734 480 3788 ut
502 3729 574 3801 dixi,
602 3728 670 3788 vide
690 3727 801 3807 diserte
823 3727 1046 3808 confugientem

228 3972 270 4026 A
