2190 4064
75 232 140 293 2⁴8
299 223 320 265 Ὗ
391 230 711 294 Praeleetionss

68 398 156 444 mano
175 383 232 443 hio.
274 361 396 445 Poterat
416 387 508 465 igitur
526 386 618 446 latiae
637 386 730 445 vertis
762 384 838 445 latio
858 386 938 459 sunl,
954 402 1007 445 ιν·

68 488 156 554 nent,
182 483 371 545 inveniuntur
391 486 478 547 sedes
499 487 539 546 ad
555 484 767 567 judieandum,
797 484 856 545 lroe
877 488 937 555 est,
962 484 1002 543 ds·

66 584 162 642 minus
191 582 339 642 benedixit
367 584 435 644 h'uie
457 585 536 656 loeo,
566 590 600 645 ut
628 586 668 643 ibi
696 584 755 642 sint
779 582 911 661 judiees.
947 582 1000 643 Hoc

66 684 166 760 potest
187 681 311 759 intelligi
334 684 421 742 simul
443 685 480 744 de
500 685 604 763 politia
624 689 655 743 et
675 682 821 755 ecelesia,
844 700 997 761 quanqam

67 780 271 859 principaliter
292 780 329 838 do
351 782 478 840 ecelesia
498 783 579 843 dicit.
621 782 677 842 Est
688 786 787 840 autem
800 782 997 861 usitrtsphrr·

67 881 119 950 sis,
139 884 174 937 ut
190 879 327 956 judio-are
347 883 537 959 usurpant&
552 901 606 961 pro
619 881 734 941 docere.
756 882 915 941 Sententia
925 882 998 960 lgilrr

68 983 128 1039 est:
148 977 233 1037 Haeo
254 983 299 1037 ost
320 980 414 1057 gloria
435 981 523 1058 hujus
544 981 658 1060 populi,
680 979 758 1055 quod
778 981 811 1037 in
823 981 995 1040 lalaoiritrtr

68 1078 216 1137 invenitur
236 1077 377 1136 cathedra
398 1096 452 1136 rea
473 1078 575 1150 sedes,
605 1081 635 1138 in
656 1097 716 1155 qus
737 1079 866 1138 donatur
894 1080 998 1139 veron

67 1174 132 1248 Dei,
149 1177 345 1235 instituuntur
366 1179 579 1248 conscientiae,
602 1182 747 1256 reguntur
767 1178 904 1237 hominos
924 1178 998 1238 vnn

69 1274 109 1335 ad
130 1275 263 1335 salutem.
307 1277 357 1336 Sic
377 1277 491 1355 psalmo
512 1279 621 1357 primo:
642 1276 746 1355 „impii
767 1294 826 1335 non
848 1274 1000 1336 stabunilr

66 1374 212 1453 judioi0,“
240 1376 378 1446 honest,
409 1393 466 1434 non
483 1382 689 1454 perseverant
717 1377 748 1433 in
776 1375 915 1435 doctrina
939 1372 1022 1441 ord.

70 1474 123 1534 sed
143 1473 258 1552 fingunt
279 1458 334 1532 ¹sibi
355 1492 426 1533 suas
446 1476 614 1554 opiniones,
645 1475 710 1532 ideo
732 1474 920 1552 dissipantur
938 1473 1002 1533 siml

70 1573 181 1653 paleae.
223 1575 300 1633 Poto
322 1579 420 1632 autem
441 1575 580 1633 hebraica
600 1572 818 1634 consuetudins
846 1574 946 1633 adhue
960 1572 1002 1631 loo·

70 1672 117 1732 die
137 1675 276 1751 usurpari
297 1672 510 1750 appellationes
525 1675 600 1744 illas,
621 1673 870 1743 redentionem,
891 1672 1002 1749 Mogon-

69 1772 147 1842 tiaa‚
176 1771 364 1830 Trevirensis
385 1778 441 1830 etc.
483 1770 529 1832 Aa
557 1791 628 1831 sane
657 1772 780 1830 luerunt
808 1773 841 1829 in
869 1770 917 1831 lais
943 1768 1002 1829 lodo

69 1869 156 1928 sedes
190 1870 313 1928 domini:
349 1888 428 1928 nnnc
465 1876 590 1949 propter
624 1872 743 1951 impiam
780 1870 948 1930 doctrinam
979 1869 1004 1925 o

68 1967 264 2027 idololatriam
282 1972 351 2026 sunt
362 1967 447 2026 sedes
460 1971 588 2028 Satanae
602 1976 631 2028 et
644 1970 803 2029 cathedrae
815 1966 1002 2051 pestilentiae

150 2064 234 2124 Haeo
253 2067 345 2145 igitur
374 2067 501 2143 genuina
529 2071 676 2127 sententia
706 2072 768 2127 ost:
811 2068 843 2126 ln
866 2069 926 2129 hoo
950 2066 1003 2123 loro

69 2163 222 2244 impletum
250 2168 296 2223 est
323 2166 446 2224 verbum
474 2164 599 2236 domini,
635 2146 835 2245 promittentis
864 2167 1001 2226 laetorum

70 2282 103 2323 se
124 2263 293 2322 memoriam
312 2264 437 2323 nominis
460 2265 515 2321 sui.
556 2264 615 2323 llic
637 2267 713 2324 enim
735 2270 799 2336 est,
832 2266 883 2325 hio
901 2264 1002 2325 habito

68 2360 170 2433 Deus,
190 2363 290 2439 itaque
312 2366 358 2421 est
378 2362 521 2433 hierita,
544 2362 642 2434 salus,
664 2365 796 2423 remissio
811 2370 1001 2444 peccatorum

66 2460 200 2539 justitia,
230 2462 373 2521 exstincto
403 2466 434 2521 et
463 2460 572 2521 abolita
612 2464 746 2537 tyrannis
786 2464 920 2523 Satanae
955 2464 1000 2521 ar.

67 2558 153 2621 llaec
174 2561 250 2618 enim
270 2562 367 2617 omnia
387 2560 476 2632 dicit,
507 2580 573 2620 cum
593 2567 679 2620 voest
699 2562 787 2621 sedes
803 2563 930 2640 judicii,
956 2561 1001 2621 hoo

69 2662 125 2727 est,
145 2657 428 2717 administrationem
447 2661 590 2731 veritatis,
613 2660 899 2734 ministeriumfidei,
911 2676 999 2723 rooerr
1028 2670 1031 2676 ·

70 2754 234 2831 majestatis
257 2753 380 2824 divinae,
401 2775 467 2814 eum
489 2756 600 2834 popolo
621 2757 834 2834 suolaquentis
851 2766 910 2821 ete.
929 2762 999 2827 Nu,

68 2854 147 2913 siout
168 2851 241 2922 dixi,
269 2851 411 2929 judiciam
432 2852 578 2929 signifieat
599 2872 705 2931 puram
733 2856 918 2931 doctrinam,
937 2872 1002 2937 qma

68 2949 107 3009 de
127 2950 223 3027 gratia
243 2948 313 3017 oei,
335 2947 372 3005 de
397 2949 480 3005 bonis
501 2951 654 3025 operibus,
683 2954 720 3012 de
747 2958 945 3035 magistratu,
970 2954 1003 3015 ds

67 3044 184 3122 legibus
208 3045 342 3104 civilibus
362 3047 443 3102 recte
463 3041 549 3103 docet
572 3047 728 3111 homines.-
753 3053 840 3115 Haeo
870 3058 926 3117 ubl
955 3058 1002 3123 esi,
1038 3060 1040 3067 '

67 3140 108 3199 ibi
128 3145 199 3200 sunt
219 3141 305 3200 sedes
332 3141 451 3218 judicii,
481 3140 559 3199 siout
578 3144 665 3203 hodie
685 3149 722 3208 de
742 3158 848 3213 nostra
876 3156 1005 3219 varone

66 3238 161 3316 berga
181 3238 270 3295 etism
290 3236 411 3315 gloriari
431 3253 588 3313 possumus
608 3250 732 3322 propter
763 3269 871 3312 sanam
903 3254 1005 3317 doari-

66 3352 150 3405 ηοω,
171 3351 230 3408 qua
246 3333 378 3391 homines
398 3336 480 3390 reete
501 3332 645 3397 docentur
665 3360 699 3400 ex
720 3351 811 3409 verbo
836 3353 1006 3432 ‹leJustitia

67 3431 105 3492 ds
124 3432 263 3510 peceato,
285 3429 322 3486 de
342 3430 452 3506 gratis,
482 3428 611 3504 deiide,
642 3435 682 3502 do¹
700 3444 873 3509 obedientia
902 3470 1007 3533 paren·

66 3535 131 3595 tum
151 3532 207 3586 eto
247 3525 332 3583 Haeo
351 3524 484 3584 doctrina
504 3530 550 3584 est
570 3547 626 3590 eeu
646 3535 698 3607 sol,
720 3558 779 3617 quo
799 3548 1007 3615 illuminant„

71 3615 274 3637 *⁸¹¹⁸*-

137 3641 169 3707 *)
189 3636 219 3690 la
237 3635 302 3689 odil.
323 3635 413 3704 origm
433 3648 633 3707 usurpent.

241 3930 269 3980 a
488 3910 537 3980 Δ
