2204 4058
418 223 588 283 :Psalmi
610 223 658 287 hl.
980 229 1040 327 ,¹¹⁷
1082 220 1088 237 ⁸

84 375 133 436 die
156 377 292 455 augescit
311 375 369 436 hoc
391 374 501 435 domum
523 377 774 454 Spiritus:·uunc
794 380 917 437 tertium
938 372 1057 451 restat*

85 481 119 536 ut
141 476 268 536 accedat
299 465 425 554 magnus
448 482 478 534 et
498 476 585 535 tortis
607 477 736 547 animus,
766 478 815 552 qui
836 479 916 536 hunc
933 476 1042 552 justili-

83 581 218 636 calorem
245 579 290 634 et
302 579 390 634 sanct
377 575 555 635 titicatorem
586 574 769 635 confiteatur
793 592 891 633 eoram
920 575 1040 646 mundo,

83 681 113 734 et
135 674 228 734 nullis
250 674 394 754 periculis
415 692 434 732 a
455 674 639 733 confessione
659 693 692 733 se
713 675 793 733 sinat
809 673 927 752 depelli
970 675 1039 735 ldeo
1091 677 1101 693 “

82 774 253 852 germaniee
281 772 465 832 reddidimus
494 775 576 840 huno
601 791 720 833 versum
752 775 808 844 sie,
837 778 879 831 ut
894 770 1053 857 appareat*

82 893 148 933 cum
172 891 279 951 rogare
301 873 413 932 laetum
443 878 473 932 et
494 876 706 933 contemtorem
735 871 863 948 omnium
891 874 1040 951 periculo-

80 993 147 1032 mm
169 973 309 1031 animum.
353 973 428 1033 Nam
449 972 564 1049 laetitia
581 962 635 1031 ¹hie
656 974 778 1051 proprie
800 973 947 1050 significat
969 993 1038 1033 eon·

81 1073 236 1144 stantiam,
271 1091 324 1159 seq
356 1073 485 1131 animum
518 1073 765 1157 imperterritum,
801 1066 933 1150 quinon
954 1092 1038 1133 mun·

80 1172 168 1243 dum,
189 1190 248 1242 non
270 1166 428 1253 Satana'm,
450 1190 509 1259 npn
531 1176 655 1231 mortem
679 1170 807 1250 denique
828 1175 951 1231 metuat.
974 1170 1038 1253 Ta-

79 1272 138 1330 lem
159 1262 434 1335 animuruvidemus
456 1271 487 1328 in
494 1270 602 1341 Paulo,
635 1289 702 1330 cum
723 1269 802 1328 laetu
832 1271 992 1353 exsultanti
1004 1262 1035 1331 at

78 1370 169 1449 pleno
180 1368 290 1447 spiritu
304 1370 390 1429 dicit:
413 1369 508 1441 „ouis
519 1371 671 1448 separabit
682 1369 1035 1437 noadialeetionelleil“

78 1469 161 1529 ldem
172 1468 418 1543 mihillaeidhoe
435 1467 745 1547 loeovideturpetere,
758 1478 795 1529 ut
812 1468 905 1529 libere
916 1469 1037 1530 conlita—
1054 1464 1057 1469 ’

77 1572 104 1629 ri
122 1566 428 1648 possitDeumsuum‚
446 1568 602 1628 contemtis
612 1569 747 1627 omnibus
762 1568 905 1646 perieulis
922 1570 1033 1628 mundi.

161 1666 264 1744 Atque
284 1668 364 1747 hune
384 1669 517 1737 ordinem
540 1669 628 1726 etiam
649 1667 858 1741 resostendit,
881 1668 966 1737 sicut,
978 1668 1036 1726 alio

79 1771 110 1827 in
130 1767 369 1846 locopropheta
397 1767 494 1826 dieit:'
526 1766 676 1837 ‚3Credidi,
696 1770 822 1845 propter
843 1768 923 1842 quod
945 1773 975 1828 et
995 1768 1037 1828 lo-

80 1874 185 1945 quor.“
226 1868 305 1927 Nam
323 1868 519 1945 cognitionem
540 1867 675 1925 veritatis
697 1866 798 1925 stetim
813 1869 950 1944 'sequitur
968 1887 1037 1927 con·

78 1969 186 2038 lessio,
209 1985 268 2043 qua
289 1966 449 2045 doctrinas,
462 1962 595 2026 diversas
617 1967 790 2027 refutamus
835 1967 1037 2027 Sedeonles·

82 2068 157 2127 sioni
177 2067 344 2145 proximum
366 2070 425 2138 est,
456 2066 535 2142 quod
563 2056 714 2142 sequitur:
756 2067 839 2145 „Ego
861 2069 1036 2153 autem'hu-

79 2166 215 2249 miliatus
234 2167 435 2235 sum·,uimis.“
455 2210 465 2232 -,
478 2166 579 2230 Quare
600 2168 770 2225 necessaria
791 2172 838 2226 est
852 2166 1034 2231 confirmatio

10 2296 13 2303 ·
79 2268 214 2346 Spiritus
224 2265 407 2344 principalis,
430 2285 467 2324 ne
488 2266 519 2322 in
539 2265 742 2324 humiliatione
765 2268 823 2326 ista
844 2267 1034 2326 concidamus

80 2368 186 2432 animis
195 2385 212 2437 ς,
228 2364 287 2446 sed
316 2383 423 2442 magno
456 2365 565 2443 spiritu
586 2362 683 2422 omnia
711 2364 846 2442 pericula
866 2370 1035 2424 contemna—
1084 2366 1086 2369 ’

77 2486 155 2527 mus.
198 2438 382 2543 lm'possibile
415 2465 493 2522 enim
515 2468 574 2533 est,
604 2474 638 2522 ut
668 2465 795 2522 mundus
823 2467 918 2542 possit
939 2484 1033 2540 aequo
1096 2485 1100 2492 ’

79 2563 177 2649 animo
209 2564 288 2626 ferre
318 2563 396 2623 hanc
417 2562 586 2647 generalem
609 2565 735 2623 sentent
727 2582 800 2633 ram,
830 2563 909 2639 quod
940 2565 1034 2624 oninis

79 2643 167 2724 homo
180 2664 228 2721 sit
249 2656 382 2735 mendax,
402 2664 528 2749 maxime
549 2664 575 2722 si
596 2662 750 2721 mendacia
764 2663 855 2735 dices,
879 2683 955 2740 quae
977 2651 1043 2741 ipsi

79 2783 136 2844 pro
158 2764 267 2821 veritat
269 2763 387 2822 ibuset
374 2767 522 2822 tsummo
543 2761 599 2820 Dei
628 2761 713 2821 cultu
733 2762 923 2841 praedicant,
956 2764 1035 2823 sicut

79 2868 152 2924 sunt
172 2864 265 2922 totius
293 2867 423 2942 papatus
447 2863 582 2922 doctrina
609 2867 640 2922 et
661 2863 729 2921 vita.
771 2863 859 2945 Hane
880 2880 936 2921 eeu
953 2863 1036 2921 blas·

79 2965 239 3044 phemiam
252 2961 309 3044 Dei
328 2961 408 3022 ferro
431 2967 461 3022 et
489 2964 718 3043 igni-conantur
740 2964 936 3040 exstinguere.
980 2963 1035 3041 lgi-

82 3071 136 3123 tur
155 3078 215 3122 nou
237 3061 331 3121 solum
351 3065 543 3124 acerbissima
564 3058 646 3134 odia,
676 3062 730 3121 sed
762 3064 850 3120 etiam
877 3063 984 3123 caedes
1006 3045 1036 3122 et

80 3162 234 3242 supplicia
262 3161 473 3222 erudelissima
493 3166 620 3244 propter
648 3162 860 3223 confessionem
889 3163 966 3221 hane
987 3182 1036 3222 su-
1082 3202 1090 3211 -

83 3265 239 3324 atinemus.
285 3261 346 3321 Sed
368 3265 440 3340 quid
454 3263 587 3343 posteat
610 3250 720 3321 Notitia
739 3262 814 3323 haee
834 3280 894 3320 non
912 3280 952 3340 pa
952 3263 1035 3333 titur,

83 3375 118 3428 ut
139 3373 308 3437 taceamus,
337 3341 517 3440 otmundus
549 3380 606 3422 non
634 3361 790 3441 patitur,
800 3365 835 3420 ut
866 3360 1035 3437 loquamur:

83 3486 208 3549 necesse
230 3467 399 3545 igiturest,
419 3471 454 3524 ut
475 3446 683 3523 conlirmemur
703 3462 835 3541 spiritu,
850 3479 888 3518 ne
913 3465 1038 3559 propter

84 3542 241 3647 pericula
243 3582 273 3625 a
282 3540 466 3632 eouieasione
486 3560 684 3623 discedamus
1045 3592 1067 3630 ,-

175 3664 279 3730 Quod
279 3653 390 3745 idtua·
399 3660 486 3725 um·
528 3641 652 3739 „ltedde
671 3658 744 3721 mihi
762 3659 933 3784 laetitiam“
955 3657 1050 3736 s'xgdx
