2190 4064
347 260 358 285 ·
460 234 610 295 Psalmi
644 234 690 299 ιι.
754 240 791 323 ῃ
928 222 1024 299 ’σι

51 397 197 473 peccato-
210 408 274 470 per
301 390 454 459 verbum,
476 392 553 450 sicut
573 390 685 472 Paulus
707 390 796 459 clare,
808 388 892 449 dicit:
935 389 1045 462 „Pac--

52 498 155 551 crtum
179 510 248 549 non
273 486 406 577 noram,
430 489 487 547 nisi
507 507 569 568 per.
583 489 707 568 legem,“
722 510 729 533 ¹·
741 508 800 549 non
821 489 901 566 quod
921 507 1026 568 pecco-

54 580 122 651 tnnr
138 590 386 659 nonbabuerit,
408 590 511 649 autin
533 589 642 649 mundo
664 607 724 648 non
742 589 849 661 fuerit,
871 589 924 648 sed
946 589 1026 666 quod

54 696 226 770 peccatum
248 689 401 775 nescierit.
444 688 525 766 Ergo
547 689 665 749 nonde
686 691 949 769 essentia'peccati
972 709 1026 771 seu

56 790 277 870 metaphysico
314 793 439 875 peccato
478 789 553 867 agit,
585 789 640 849 sed
672 788 718 847 de*
742 772 858 868 cognito
892 792 1024 868 peccato,

59 891 138 967 quod
160 886 355 965 intelligitur
376 906 412 947 ac
433 878 584 961 sentitur,
609 887 728 967 quando
755 888 869 948 scilicet
894 908 949 948 vox
968 888 1025 948 Dei

59 992 155 1061 venit,
189 993 225 1048 et
248 1006 402 1049 sermones
431 986 501 1057 Dei,
535 990 586 1064 qui
615 989 645 1046 in
666 1006 718 1046 cor
748 992 883 1048 nostrum
904 993 1024 1049 sonant:
1063 1062 1066 1075 ι

52 1089 110 1149 -Τιι
140 1108 177 1148 es
219 1091 382 1167 peccator,
416 1092 450 1147 tu
480 1107 511 1147 es
545 1089 601 1147 sub
621 1087 667 1146 ira
686 1087 742 1147 Dei
764 1092 794 1148 et
814 1093 917 1149 morte.
959 1087 1025 1148 Hoc

63 1208 127 1251 curn
147 1189 207 1260 fit,
230 1192 299 1247 tum
321 1187 441 1246 demum
461 1188 563 1275 incipit
593 1206 697 1268 pugna
717 1188 785 1260 illa,
797 1191 826 1247 in
849 1208 908 1265 qua
928 1188 1040 1269 Dorici·

63 1310 95 1349 se
114 1291 239 1349 fatetur
267 1287 388 1347 rictum
422 1289 629 1359 succubuisse,
657 1289 687 1346 in
718 1306 778 1363 qna
806 1305 908 1368 pugna
927 1288 1025 1368 litigat

63 1390 196 1449 bumana
226 1390 341 1446 natura
368 1405 435 1446 cum
455 1386 534 1458 Deo,
563 1407 602 1446 an
623 1389 678 1447 hoc
710 1389 834 1447 verbum
853 1408 955 1448 verum
977 1391 1024 1461 sit,

66 1490 142 1567 quod
163 1488 352 1568 pronuntiat
368 1497 467 1546 omnes
482 1488 613 1548 homines
627 1490 683 1548 sub
696 1493 821 1566 peccato
832 1507 906 1559 esse,
927 1488 1025 1549 Deum

66 1596 162 1651 antem
185 1589 290 1649 solum
312 1605 377 1647 esse
395 1588 518 1664 justum.
560 1589 634 1647 Nam
655 1593 764 1646 natura
775 1587 844 1645 huic
860 1590 1025 1649 sententiae

66 1691 227 1760 reclamat,
251 1707 310 1747 nec
328 1687 429 1746 statim
450 1682 621 1756 assentitur,
644 1688 723 1762 quod
744 1687 841 1745 omnia
862 1704 917 1744 sua
933 1702 1025 1765 opera

67 1790 231 1868 injudicio
254 1787 312 1847 Dei
333 1788 393 1845 sint
412 1786 492 1845 mala
513 1791 543 1846 et
563 1791 734 1866 peccatum,
756 1786 833 1845 sient
855 1781 1034 1845 scholastici·

67 1892 212 1949 scerrime
236 1888 316 1946 bano
338 1889 514 1946 sententiam
537 1887 712 1958 defendunt,
746 1887 892 1945 bominem
912 1884 1023 1945 habere

68 1994 184 2048 rectum
205 1988 310 2047 lumen
338 1987 461 2048 rationis
495 1993 526 2061 et
546 1988 696 2048 naturalia
717 1989 843 2066 integra.
883 1985 951 2045 Hoc
971 2005 1023 2045 au-

67 2093 123 2147 tern
143 2092 232 2159 ests
248 2105 308 2146 non
330 2086 425 2146 solum
449 2107 559 2167 negare
580 2094 750 2168 peccatum,
780 2085 860 2163 quod
882 2086 1022 2146 <livinitus

67 2187 234 2247 revelatum
256 2190 319 2258 est,
339 2186 393 2246 sed
414 2186 510 2249 etiarn,
523 2207 633 2269 negare
653 2190 751 2268 ipsum
771 2185 868 2245 Deum
889 2205 955 2247 esse
977 2204 1022 2245 so-

67 2286 124 2347 lnm
141 2287 357 2367 justum,·.qui
378 2306 431 2346 nos
452 2289 626 2365 pronuntiat
646 2306 712 2346 esse
731 2290 914 2365 peccatores.
1000 2314 1002 2319 ·
1061 2268 1065 2275 ¹

147 2387 184 2445 in
217 2387 278 2446 bac
298 2387 532 2447 contradictione
558 2392 707 2466 perpetua
734 2386 805 2443 vivit
826 2389 908 2445 totus
928 2404 1022 2466 papa-

68 2491 127 2559 us,
151 2490 185 2547 et
208 2504 311 2546 omnes
334 2486 682 2567 scholaesophistarum.
724 2484 836 2544 Nolunt
851 2504 1021 2564 agnoscere,
1081 2527 1092 2537 .

67 2604 98 2645 sc
116 2586 195 2645 nihil
216 2587 275 2645 nisi
296 2592 468 2666 peccatores
490 2606 571 2658 esse,
592 2586 645 2645 sed
667 2585 856 2657 contendunt,
877 2587 1023 2646 rationem

67 2685 178 2747 tabere
210 2704 299 2745 suum
329 2674 429 2745 lurncn
461 2670 625 2767 integrum,
652 2692 683 2746 et
709 2689 734 2746 si
756 2685 827 2761 quid
847 2686 910 2744 vitii
932 2686 971 2744 sit
991 2687 1022 2744 in

68 2792 190 2856 natura,
221 2786 388 2845 inferiorem
418 2792 532 2847 tantum
564 2789 729 2867 portionem
757 2789 927 2862 corruptam
946 2805 1021 2859 esse,

68 2905 131 2945 eam
154 2886 236 2944 trahi
268 2885 389 2975 libidine
411 2893 442 2947 at
473 2889 727 2971 concupiscentia,
758 2884 811 2944 sed
838 2886 1022 2963 superiorem

67 2987 237 3063 portionem
270 2986 382 3045 habere
413 2988 680 3067 inexstinguibilem
715 2990 745 3045 et
775 3002 882 3062 puram
912 2985 1020 3046 lucem.

67 3082 130 3143 Hoc
155 3086 182 3144 si
212 3084 279 3159 quis
308 3085 346 3144 do
368 3087 501 3146 civilibus
515 3090 694 3148 actionibus
716 3084 893 3156 affirmaret,
921 3087 1019 3163 aliquo

67 3185 154 3247 nodo
176 3204 281 3245 verum
302 3189 396 3258 esset,
429 3188 561 3247 sednon
583 3187 763 3267 simpliciter.
808 3184 881 3243 Nam
900 3190 940 3261 ¹in
962 3191 1020 3252 illis

67 3303 186 3361 quoque
210 3285 370 3356 sentimus,
392 3292 535 3362 quantum
556 3308 611 3368 per
632 3291 789 3368 peccatum
810 3283 960 3363 ademtum
982 3293 1022 3354 sit

68 3390 203 3444 naturae.
248 3383 311 3442 Sed
332 3405 399 3446 cum
420 3388 457 3446 de
479 3391 644 3467 cognitione
667 3392 739 3466 Dei,
762 3401 792 3456 et
812 3394 945 3474 peccati,
966 3413 1020 3455 seu

68 3482 213 3563 bonanae
234 3488 362 3543 naturae
382 3487 494 3564 agitur,
517 3488 589 3547 nihil
609 3493 704 3552 minus
726 3499 904 3556 verum-est.
935 3494 1018 3570 Ergo
1076 3486 1079 3490 ’

68 3583 258 3661 relinquitur,
281 3582 371 3643 solius
394 3584 508 3646 divinae
529 3589 717 3653 revelationis
740 3614 805 3655 esse
817 3614 873 3675 per
886 3594 1017 3662 verbum,

69 3699 259 3761 cognoscere,
268 3681 347 3786 quod
355 3685 444 3747 simus
451 3693 633 3767 peccatores,
642 3695 673 3761 ,et
683 3695 763 3773 quod
771 3695 853 3757 Deus
861 3692 1020 3774 sitiustus.
