2190 4064
367 217 409 277 ln
430 217 564 280 Psalm.
588 209 720 280 ΒΜ(
940 226 1003 288 m

57 372 129 432 eecli
151 391 218 431 esse
239 370 401 449 reliquum,
430 390 448 431 a
469 390 527 449 qno
555 377 657 453 speret
678 373 817 432 auxilium
846 380 877 433 et
906 392 1001 455 opcnr.

57 468 142 533 llcnc
178 471 304 553 periculi
339 471 571 549 magnitudinem
607 472 729 531 allectus
764 473 822 532 iste
857 476 1002 553 exprimit·

57 572 135 648 quod
169 571 394 648 circumspectis
430 573 563 630 omnibus
591 570 706 631 nullum
735 590 832 648 neque
860 574 1001 634 auxilium

56 687 108 731 tce
130 670 284 729 consilium
314 690 347 729 se
374 672 505 730 inveniro
533 672 619 742 dicit,
648 690 735 748 quam
763 671 860 744 illurn,
890 675 940 749 qui
969 676 1000 733 in

53 771 143 831 coelis
164 770 288 828 habitat.
330 769 414 828 llaec
435 772 625 830 tentationem
640 771 725 829 valde
737 776 855 849 augent.
898 771 1001 849 ltaque

52 870 163 929 talibus
185 869 282 927 verbis
303 870 333 927 in
355 871 518 929 tentatIone
541 874 613 941 orat,
636 889 712 947 quac
733 870 858 934 sortasse
880 873 945 951 ipso
965 890 999 933 eo

47 971 188 1049 tempore
208 988 267 1027 non
288 971 360 1029 satis
374 970 462 1049 plene
482 969 636 1040 intellexit,
659 970 737 1028 sicut
753 970 865 1029 Paulus
879 990 1000 1048 quoque

47 1067 126 1129 dicit
147 1087 201 1129 nos
223 1070 351 1139 nescire,
373 1068 444 1145 quid
466 1087 592 1129 oremus.
637 1069 767 1149 Spiritus
783 1069 903 1145 quidem
916 1072 1001 1131 norit

47 1173 80 1227 et
100 1167 243 1247 intelligit
264 1168 354 1227 rerba
375 1170 447 1240 ista,
475 1169 528 1228 sed
545 1169 630 1229 homo
652 1187 710 1226 non
731 1170 833 1248 potest
861 1187 896 1228 en
925 1170 998 1230 sotis

47 1282 105 1347 pro
127 1268 331 1347 magnitudine
353 1286 408 1327 sua
429 1269 583 1350 concipere
604 1270 634 1325 in
656 1277 789 1347 tempore
816 1268 1000 1340 tentationis,

47 1366 123 1427 dum
151 1366 225 1427 lidos
252 1368 351 1427 adhuc
377 1366 493 1426 infirma
521 1373 568 1428 cst
596 1372 626 1426 ot
652 1368 793 1427 luctetur.
836 1368 999 1443 Postquam

47 1472 153 1530 sutem
181 1468 237 1527 hoc
262 1467 365 1539 dator,
394 1455 474 1545 quod
501 1456 653 1539 volumus,
682 1470 712 1527 ot
739 1466 831 1525 oratio
861 1466 999 1529 exaudito

47 1571 111 1639 est,
133 1572 199 1627 turn
223 1566 298 1627 tides
320 1568 409 1626 labet
436 1584 525 1626 suurn
550 1568 660 1636 robur,
688 1569 719 1625 et
738 1584 792 1624 nos
813 1569 877 1624 tum
899 1569 998 1625 tenta·

47 1667 161 1743 tionem
181 1670 244 1726 tom
265 1666 440 1738 orationem,
471 1683 530 1742 qua
558 1665 589 1723 in
617 1665 780 1740 ‚tentatione
809 1682 912 1724 eumne
939 1664 996 1736 nel,
1072 1657 1077 1675 ”

47 1766 171 1848 pentus
203 1765 404 1844 insurgamus.
456 1764 586 1851 oppono
623 1752 724 1840 nique
758 1762 997 1826 narratione

47 1884 140 1927 ruso
161 1866 357 1925 hohimtorem
377 1864 451 1926 coell
479 1864 696 1924 habitatoribus
723 1868 824 1924 terrae
851 1868 882 1923 et
909 1864 996 1935 serir,

47 1964 109 2045 hoq
129 1968 189 2036 est,
212 1965 342 2023 Satanae
361 1968 392 2024 et
412 1963 536 2035 mundo,
556 1968 587 2024 at
608 1965 696 2044 erigit
716 1983 765 2036 se,
785 1962 880 2040 qnod,
903 1979 996 2040 qm,

47 2082 141 2143 quarn
161 2062 290 2122 mundus
310 2060 435 2143 mcg'nns
456 2066 487 2124 ct
506 2067 613 2144 potens
642 2073 702 2135 est,
733 2068 832 2124 tamon
851 2059 934 2122 Deus
956 2062 996 2124 nt

47 2162 155 2241 major.
197 2162 279 2226 Quid
299 2162 400 2242 igitur,
421 2163 447 2222 si
461 2163 588 2223 mundus
602 2170 634 2225 ta
653 2163 733 2225 ridet
753 2165 784 2221 et
797 2160 904 2221 temti
925 2160 996 2221 Huc

47 2264 152 2345 potino
184 2263 316 2341 respice,
345 2261 425 2339 qnod
452 2260 534 2322 Deus
565 2280 633 2321 cum
660 2263 794 2320 omnibns
821 2259 936 2337 angelis
963 2264 996 2322 et

46 2363 164 2425 enodis
183 2363 297 2426 suis-ta
316 2361 464 2433 intuetur,
485 2366 516 2421 te
538 2355 693 2440 praedicat
714 2378 751 2420 ac
772 2356 885 2419 laudat
927 2358 995 2425 llos

47 2481 158 2525 varrus
178 2463 236 2527 iste
264 2461 411 2539 significat
439 2462 551 2532 verbis,
579 2466 615 2520 ut
634 2458 755 2529 ridetis,
783 2458 856 2518 satis
878 2456 995 2517 humill·

47 2564 115 2634 bne,
136 2562 191 2623 sod
204 2560 301 2641 plenia
323 2563 399 2621 omni
414 2561 501 2640 copia
521 2559 760 2628 consolationum,
782 2558 807 2616 si
828 2556 894 2633 quis
907 2554 994 2616 modo

47 2661 197 2723 crederet.
239 2661 371 2739 Spiritus
392 2664 488 2729 corte,
509 2658 560 2734 qul
581 2657 655 2718 haec
676 2658 768 2717 rerba
788 2656 855 2728 dat,
877 2660 909 2716 et
928 2672 995 2720 sur·

47 2764 123 2824 unt
152 2760 282 2841 gemitus
305 2758 359 2820 hos
388 2761 417 2817 in
448 2757 623 2843 afflictorum
657 2757 811 2829 cordibus,
847 2754 994 2835 intelligit,

47 2865 163 2941 punto
181 2860 330 2939 grnritme
348 2857 424 2918 haec
445 2860 576 2918 orentnr.

130 2960 226 3021 Porro
247 2960 277 3019 in
298 2958 428 3019 seeundo
449 2958 563 3037 psalmo
585 2956 731 3037 graduum
745 2942 886 3025 diximus,
908 2970 994 3013 sono-

48 3067 96 3122 tos
116 3060 262 3122 iuratori
283 3061 474 3131 testamento,
496 3076 562 3118 cum
584 3060 715 3125 orarunt,
737 3074 794 3115 non
819 3052 995 3133 simpliciter

47 3179 151 3221 arnseo
171 3158 210 3222 ad
230 3158 326 3217 Deum
346 3154 435 3231 coeii,
465 3158 543 3217 sicut
563 3156 687 3216 Torone
707 3156 738 3217 ei
758 3153 864 3212 Jndnoi
895 3152 994 3214 adhuc

47 3258 136 3321 trodio
157 3261 257 3330 orent,
277 3255 331 3319 sed
350 3259 475 3319 senisse
495 3276 528 3317 sc
548 3272 672 3335 corpore
693 3258 724 3313 ct
744 3254 840 3313 animo
861 3252 901 3313 od
914 3256 995 3314 'tem-

46 3358 132 3440 plum
160 3360 192 3418 in
218 3357 415 3419 Hierusalem.
463 3357 567 3434 ltaque
597 3350 676 3431 qnod
702 3352 751 3413 hie
779 3352 865 3414 dicit:
894 3350 943 3410 Aa
962 3354 995 3409 te

47 3458 168 3519 domine
188 3457 253 3518 loro
275 3457 375 3518 oculos
404 3476 499 3528 meos,
528 3454 578 3532 qni
600 3452 717 3514 habitos
738 3453 770 3510 in
790 3452 872 3512 coelo
883 3447 929 3524 ⁸),
950 3448 995 3510 olo

47 3558 272 3637 intelligendum
294 3561 355 3629 est,
377 3562 412 3617 ut
434 3560 466 3617 et
486 3554 576 3617 oorde
597 3557 628 3613 et
648 3554 736 3632 gestu
756 3550 886 3612 sumatur
907 3546 992 3607 illum

47 3658 124 3718 coeti
145 3660 342 3717 habitatorem
360 3656 496 3717 habitare
515 3672 585 3714 vore
606 3654 637 3711 in
658 3647 851 3714 tabernaculo
871 3648 903 3708 ln
923 3640 995 3708 llio-

48 3749 260 3767 *φα-

120 3774 155 3843 a)
173 3771 323 3828 unornane
339 3772 413 3829 coeit
432 3768 570 3848 quomodo
588 3774 720 3827 voratur.
