2190 4064
74 285 79 295 ’
108 260 153 320 oo
389 316 395 335 ,
447 242 669 317 Ἐιιιιιιιιιὶὀ

35 440 39 447 =
108 404 171 471 rem'
193 429 259 469 esse
279 408 474 469 confitebitur.
517 386 616 468 ¹Credo
646 409 738 487 igitur
758 409 847 467 verbo
868 412 936 478 tuo,
963 412 994 467 et
1015 408 1075 469 sie'

107 515 214 580 statuo,
236 501 266 568 tt
289 508 392 567 melius
415 527 502 568 nosse
521 528 616 568 meam
638 501 668 568 et
689 509 817 568 omnium
837 509 988 569 hominum
1005 530 1058 570 ns·

97 596 218 681 turem,
252 627 339 695 quom
366 627 437 679 nos,
479 612 509 667 et
540 608 704 667 secundum
735 610 858 667 verbum
886 610 1057 689 pronuntio,

104 728 159 770 nos
181 728 247 769 esse
266 714 450 803 peccatores,
471 712 502 767 et
522 708 601 784 quod
617 708 656 767 ml
676 694 814 768 naturam
834 712 967 782 nostram
983 712 1053 770 atti·

8 842 12 855 .
107 813 172 881 net,
193 812 366 891 peccatores
376 814 505 878 monere
524 811 560 868 ut
581 808 652 868 tu'
628 827 668 867 sss
682 809 790 887 justus,
802 778 1088 889 conquerimus?

108 929 145 969 oo
174 907 348 988 glorificeris
368 926 425 987 per
442 908 523 967 hans
547 908 773 980 contessionem,
795 927 872 984 quoe
906 928 954 969 me
985 928 1057 989 peo-
1087 914 1094 935 ²

107 1012 246 1079 satorem,
267 1017 298 1068 to
319 1011 419 1068 eutem
436 1008 553 1086 justum
574 1013 604 1067 et
626 1012 761 1067 sanetum
782 1028 857 1067 esse
870 1009 985 1067 statuit.
1083 996 1086 1003 ’

144 1108 300 1168 Eodem
325 1107 411 1166 modo
434 1108 564 1186 Spiritus
593 1112 715 1167 sanctus
736 1107 896 1183 loquitur
887 1127 919 1166 m
939 1090 1077 1199 psalmos

106 1212 155 1270 31.
178 1208 275 1284 [32]:
318 1205 419 1277 ,,Βίιί.
441 1205 539 1265 Οοιιιίι
541 1202 613 1265 ebor
640 1206 784 1266 adversus
804 1226 851 1266 me
878 1208 1056 1297 injustitiam

105 1327 201 1368 meum
222 1305 346 1376 domino,
369 1309 398 1364 et
418 1309 452 1364 tu
471 1307 638 1389 remisisti
630 1307 750 1384 impieta
751 1310 811 1365 tem
830 1292 949 1384 peceati
970 1312 1057 1367 mei‘*
1073 1338 1077 1345 ·

103 1404 186 1485 Ergo
206 1407 281 1465 haec
302 1405 445 1464 confessio
468 1406 528 1464 sire
551 1389 677 1484 cognitio
701 1405 739 1464 ad
760 1406 963 1465 remissionem
984 1426 1056 1486 peo-

7 1571 9 1575 ,
84 1511 239 1581 γιιιιιιιιιιιι
267 1502 313 1565 est
342 1507 525 1577 necessario,
557 1510 592 1565 ut
618 1505 774 1580 credamus
803 1509 832 1564 et
862 1505 1056 1592 confiteamur

104 1626 157 1666 nos
186 1606 362 1686 peccatores
384 1624 463 1676 esse,
486 1606 516 1664 et
537 1608 581 1665 tot
568 1611 632 1665 tum
651 1604 795 1663 mundum
826 1624 892 1664 esse
930 1608 987 1667 sub
1009 1608 1081 1667 irs‘

102 1708 167 1767 Dei.
212 1706 285 1765 Sic
282 1707 411 1785 primum
418 1709 624 1786 praeceptum
645 1723 700 1784 per
714 1700 809 1782 ip'sem
828 1706 1055 1784 promissionem

102 1796 261 1889 peecatum
281 1804 387 1883 arguit.
409 1805 482 1863 Nom
505 1805 585 1880 quod
598 1804 680 1863 Deus
696 1805 859 1882 promittit:
880 1793 964 1884 „Ego
987 1816 1054 1867 sum

101 1909 236 1967 dominus
257 1903 339 1987 Deus
366 1909 437 1963 tuus
446 1904 496 1975 ),
524 1904 581 1963 hoc
619 1908 672 1973 est,
711 1922 764 1983 ego
787 1923 866 1976 sum,
887 1924 943 1984 per
965 1925 1054 1982 quem
1084 1930 1087 1937 ¹

101 2008 156 2066 tibi
178 2006 274 2064 veniet
295 2003 376 2062 solus
399 2007 503 2081 eontra
522 2008 647 2062 mortem
663 2006 871 2081 spectatum,
884 2005 1054 2084 hocrpsum
1082 2044 1088 2051 -

102 2108 202 2185 arguit
222 2088 299 2163 hanc
320 2107 412 2162 totam
432 2106 570 2160 naturum
590 2104 678 2161 morti
695 2104 729 2161 'et
750 2107 875 2182 peccato
898 2106 1055 2165 obnoxiam

101 2225 176 2267 esse.
220 2205 371 2268 Quorsum
392 2202 469 2277 euim
490 2186 654 2280 pertineret
676 2191 784 2280 alioqui
804 2205 994 2283 promittere,
1020 2226 1053 2266 se

33 2341 35 2346 ·
100 2308 185 2367 uobis
206 2304 303 2365 Deum
323 2301 406 2377 foret
450 2302 500 2359 Sic
522 2304 645 2361 verbum
664 2302 813 2374 Dei‚'hoo
834 2308 892 2375 est,
922 2308 985 2365 tom
1005 2304 1054 2365 lex
1082 2298 1086 2303 ’

100 2398 194 2489 quum'
212 2398 383 2481 evangelion
416 2421 470 2461 seu
496 2402 653 2479 promissio
681 2402 762 2461 claro
791 2406 821 2462 et
843 2406 926 2461 certo
949 2423 1054 2465 conse-

101 2505 222 2583 quentia
243 2503 343 2617 nrguit
364 2519 416 2560 nos
438 2520 503 2559 esse
524 2504 712 2583 peccatores,
735 2504 765 2560 et
786 2502 850 2560 sola
870 2508 939 2582 gret
939 2506 968 2564 io
990 2523 1054 2565 ser·

100 2606 172 2665 ruri.
216 2603 248 2662 Si
268 2600 359 2664 enim
367 2600 449 2659 Deus
470 2601 618 2679 promittit
638 2601 737 2671 vitum,
761 2604 858 2695 sequit
859 2622 897 2660 ur
917 2622 972 2663 nos
995 2604 1053 2664 sub

100 2708 195 2764 morte
216 2720 296 2772 esse,
326 2701 352 2759 si
356 2694 519 2779 promittit
539 2686 740 2759 remissionem
766 2689 974 2781 peecatorum,
1006 2723 1055 2764 se·

100 2804 203 2880 quitur
223 2819 277 2860 nos
305 2801 361 2859 snb
387 2800 519 2878 peccetis
549 2819 614 2859 esse
643 2804 706 2859 ett
708 2803 798 2861 eneri
842 2800 910 2859 Jem
938 2803 1055 2882 stipen-

100 2904 181 2963 dium
200 2901 318 2983 peccoti
338 2917 417 2965 mors
440 2903 493 2958 est.
536 2897 585 2957 Ad
611 2900 691 2959 huno
710 2900 830 2959 modum
846 2905 910 2959 tum
931 2906 1056 2962 commi·

45 3076 47 3081 Ι
100 3004 234 3062 nationes
271 3005 335 3060 tum
370 3000 580 3078 promissiones
622 3017 722 3058 omnes
758 3001 837 3059 idem
876 3000 1053 3063 ostendunt.

62 3136 65 3141 ·
95 3103 202 3178 'Neque
227 3102 304 3160 enim
325 3102 395 3158 suut
415 3098 511 3156 iactae
531 3099 643 3166 bestiis,
667 3116 742 3172 quoe
763 3100 794 3156 in
810 3100 905 3159 morte
918 3108 1053 3176 monent,

100 3201 153 3261 sed
174 3201 213 3259 od
233 3217 287 3258 nos
308 3198 440 3256 homines
470 3196 567 3254 divine
588 3215 642 3256 vox
661 3198 741 3256 secto
771 3203 818 3257 est
839 3204 870 3258 et
891 3202 1054 3279 promissio

101 3298 220 3370 solutis,
253 3301 357 3357 contra
377 3300 515 3365 mortem,
536 3300 693 3375 peecatum
715 3303 745 3356 ot
766 3298 922 3357 infernum.

179 3397 264 3456 Haec
286 3395 344 3453 dixi
364 3394 518 3474 pluribus,
545 3398 580 3452 ιιι
601 3400 746 3474 apparent
770 3396 847 3456 hone
869 3394 1054 3462 sententium

98 3517 156 3558 non
177 3492 433 3575 metaphysicem‚'
445 3493 499 3553 sed
519 3493 712 3572 theologicam
734 3513 812 3567 esse,
836 3497 874 3556 (ie
894 3501 1053 3578 arguendo

109 3585 315 3602 ——-·-'¹

168 3612 202 3681 ι’)
220 3610 264 3662 lte
283 3607 432 3662 securium
452 3602 606 3661 erratorum
630 3596 749 3662 iudicem
776 3610 843 3664 edit.
864 3612 900 3666 de
919 3631 945 3667 a.
966 3616 1042 3671 1⁵3⁹

105 3697 245 3765 adjectum
265 3696 410 3768 ingenium
429 3707 482 3751 est.
510 3695 539 3748 iu
560 3693 629 3753 siit.
647 3693 681 3749 ie
700 3712 727 3750 a.
746 3695 844 3754 iffi:
863 3709 976 3758 totos:

238 3916 391 4015 ‚tf
