2190 4064
456 79 467 110 t

470 219 615 279 Psalmi
636 218 682 277 id.
959 222 1017 281 lia

61 372 236 453 repudiat,'
250 378 368 449 ‘quanto
388 372 493 432 'nribus
520 373 651 431 eleotitia
681 372 823 449 accipiet,
857 374 1019 447 quaeriue
1079 367 1082 374 ’

64 474 208 533 mandato
230 471 285 531 Dei
307 472 402 533 stulta
422 474 595 551 superstitio
617 472 785 550 suscipiti.

150 573 289 631 Notanda
324 574 416 649 igitur
443 572 517 631 haec
551 573 699 631 sententia
729 575 787 642 est,
823 590 883 647 qua
914 580 1020 634 eontra
1050 596 1057 617 τ

65 673 188 743 Mosen,
217 677 322 731 contra
341 672 452 750 legem,
484 676 590 731 contra
616 689 709 749 opera
729 676 760 729 et
781 671 938 750 religiones
960 692 1021 733 om-

66 794 120 833 nes
154 773 242 831 dicit:
284 770 337 829 'ru
375 790 434 829 uon
465 770 592 851 voluisti*
614 769 807 842 sacrificium,
843 775 878 830 ut
905 773 1020 833 scilicet

66 878 225 934 statuatur
247 871 382 949 justitia,
418 890 496 947 ortae
529 874 576 931 eat
601 887 657 949 per
687 869 775 929 fidem
805 871 835 929 in
857 871 1019 933 Christum.

67 972 132 1032 Sed
164 989 225 1029 non
253 974 314 1030 tam
341 954 401 1049 legi
431 990 520 1047 quam
551 976 654 1030 nostro
675 970 760 1029 cordi.
779 972 926 1031 sententia
946 972 1021 1035 haec

63 1070 399 1151 repugnareridetur.
454 1071 505 1129 Sic
533 1071 611 1131 enim
641 1075 750 1129 natura
781 1089 883 1131 sumus
912 1090 1021 1149 omnes,

66 1171 151 1249 quod
173 1174 386 1249 optamusmos
399 1168 519 1247 ¹aliquid
542 1170 580 1229 ad
597 1169 694 1229 Deum
715 1172 939 1251 efferremus,
961 1189 1019 1250 quo

66 1271 217 1352 placetur,
237 1286 336 1346 neque
355 1287 516 1348 possumus
536 1271 610 1329 satis
632 1271 849 1332 securocorde
870 1289 923 1332 uos
941 1276 1020 1335 totos
1045 1258 1051 1273 “

66 1369 290 1431 misericordiae
311 1369 444 1451 credere.
486 1362 556 1429 ideo
585 1371 665 1429 etin
693 1371 857 1431 malefactis
880 1371 1020 1451 despera·

66 1472 127 1553 tio,
155 1474 187 1529 et
206 1469 238 1527 iu
258 1469 421 1531 benefactis
453 1454 575 1553 semper
591 1470 708 1529 occulta
728 1472 909 1549 praesumtio
930 1473 1021 1533 seuti-

67 1575 128 1631 tur.
152 1568 237 1629 -Sed
257 1587 312 1639 cur
331 1558 548 1648 praesumimus
568 1570 599 1627 in
622 1570 670 1639 iis,
692 1588 769 1645 quae
790 1568 910 1629 aliunde
929 1571 1020 1631 habe-

69 1689 153 1741 mus,
182 1674 216 1747 et
245 1687 305 1729 uon
329 1671 452 1748 proprie
479 1673 582 1727 nostra
595 1667 694 1734 ,eunti
736 1669 926 1731 Nametiam
953 1673 1020 1750 ipse

69 1770 218 1831 confessio
239 1773 270 1829 et
290 1769 554 1849 gratiarumactio
575 1771 623 1827 est
643 1766 893 1845 dooumaliuude
913 1788 1020 1850 accep-
1045 1760 1048 1767 ’

70 1876 149 1942 tum,
171 1874 284 1947 quanto
304 1870 397 1948 magis
418 1871 478 1929 ista
499 1867 681 1943 donarunt,
715 1867 752 1926 de
775 1869 881 1944 quibus
901 1860 1020 1948 murus

71 1970 202 2049 gratias!
246 1969 373 2028 Frustra
392 1968 485 2047 igitur
505 1971 640 2027 tentatur
660 1984 715 2046 per
736 1978 826 2047 opera
846 1970 1018 2033 reconcilia-

70 2072 121 2130 tio.
164 2067 249 2135 auio
271 2070 363 2146 igitur
380 2068 461 2139 vult,
482 2067 627 2143 siquidem
649 2067 793 2129 sacrificia
814 2087 872 2128 uon
894 2068 979 2129 vulti

277 2152 284 2165 ¹
336 2228 347 2249 ‚x
497 2156 603 2227 xuu.
692 2196 695 2203 -

71 2267 333 2331 Sacrificium
370 2265 448 2327 Deo
483 2268 657 2345 spiritus
694 2267 1020 2342 contribulatum

153 2385 222 2427 cor
254 2370 474 2429 contritum
505 2366 816 2427 ethumiliatum
837 2366 938 2428 Deus

338 2484 342 2488 ·
391 2458 466 2525 nou
491 2466 701 2544 despicies.

154 2562 317 2625 Hic'locus
338 2564 445 2645 dignus
467 2569 547 2636 erat,
569 2559 620 2643 qui
642 2567 823 2625 scriberetur
842 2566 941 2625 aureis
956 2566 1022 2626 lite-

71 2668 122 2725 ris.
165 2664 225 2725 Hic
246 2667 323 2725 enim
350 2666 449 2735 rides,
470 2655 567 2742 ¹quate
587 2665 763 2725 sacrificium
786 2670 899 2725 statuat
919 2671 1024 2726 contm

72 2765 221 2827 sacrificia
241 2764 316 2844 legis
338 2770 368 2825 et
398 2767 490 2826 totius
521 2766 600 2825 orbis
622 2770 777 2825 terrarum.
821 2766 900 2830 Quia
922 2771 1022 2826 autem

10 2942 16 2956 Ι
72 2864 254 2927 sacrificium
280 2885 339 2924 non
361 2871 407 2925 est
428 2868 491 2925 sine
512 2866 680 2937 sacerdote,
702 2866 793 2944 igitur
823 2867 1022 2925 secerdotium

58 2965 149 3045 ,legis
171 2964 260 3025 simul
281 2965 390 3041 abjicit,
413 2971 443 3024 et
465 2966 592 3026 instituit
613 2985 720 3041 novum
735 2965 933 3025 sacerdotium
955 2984 1021 3024 cum

72 3066 156 3124 noris
179 3064 340 3124 sacrificiis.
384 3065 468 3124 initio
499 3067 590 3144 igitur
611 3067 752 3126 iaciamus
773 3066 822 3124 hic
843 3065 1021 3137 divisionem,

72 3166 152 3241 quod
174 3165 234 3222 duo
255 3164 314 3222 sint
335 3165 508 3236 sacerdotia,
529 3185 629 3237 unum,
651 3166 730 3242 quod
751 3166 907 3243 reprobat,
929 3174 959 3225 et
980 3165 1023 3225 el-

71 3268 179 3334 terum,
203 3263 284 3339 quod
304 3267 419 3342 probat.
463 3266 675 3335 Sacerdotium,
699 3264 780 3340 quod
801 3267 1023 3342 reprobatest

69 3363 164 3434 illud,
188 3362 268 3438 quod
287 3362 578 3437 habet-holocausto,
600 3370 630 3425 et
662 3366 719 3423 alia
740 3363 892 3439 sacrificia=
905 3367 935 3424 in
955 3365 1023 3445 lege

70 3463 219 3533 instituta,
241 3463 440 3523 sacerdotium
455 3472 562 3536 autom,
584 3465 663 3541 quod
684 3467 801 3543 probet,
821 3469 867 3523 est
887 3465 969 3535 iilud,
991 3466 1021 3521 in

70 3580 131 3638 quo
153 3580 213 3620 uon
232 3563 360 3634 bestiae,
382 3564 436 3622 sed
457 3567 548 3625 corda
577 3564 741 3623 offeruntur
761 3566 889 3623 contrite
917 3569 947 3622 at
966 3564 1023 3623 hu-

70 3652 205 3722 miliata*
236 3661 325 3722 Hans
343 3662 516 3725 'divisionem
538 3665 621 3724 initio
644 3666 845 3736 observemus,
863 3682 902 3723 ac
918 3662 1027 3723 creda-
