2204 4058
371 234 719 304 ln‘l’a'almz'iirad.
955 247 1018 308 atti

55 411 138 480 'vera
158 384 254 455 'eitun
281 394 354 456 nillil
382 399 493 482 agent,
523 411 614 475 quam
641 395 789 475 quomodo
815 411 870 458 noa
898 399 1020 478 capiant

61 501 95 559 et
114 496 263 558 occidant

147 595 328 674 Huiusmodi
363 595 524 675 aucupium
560 596 725 655 satanicam
760 600 907 675 perpetuo
937 614 1019 657 crer-

66 700 205 778 cent„et
219 713 294 755 curu
314 713 430 756 summa
449 694 630 756 erudelitate
650 700 812 755 extremam
824 695 1019 756 calliditatem

67 798 267 877 conjungunt,
289 795 369 856 sieut
388 793 550 855 manifestis
570 795 712 876 exemplis
733 796 934 857 declararunt.
972 795 1019 856 i)e

68 896 285 958 l'uormatlenai
319 893 418 955 edicto
452 895 525 955 nilrii
551 895 637 970 dico,
670 893 913 974 Augustanoram
948 913 1019 960 vero

67 998 254 1058 oomitiortnn
277 1009 374 1074 stupra
400 993 594 1056 meminimus.
644 994 688 1054 liri
716 996 848 1056 Satanae
876 1013 1019 1076 aucuper,

65 1096 209 1180 pontifex·
230 1098 263 1156 et
298 1095 449 1176 episcopi,
474 1098 618 1172 tanquam
654 1096 685 1153 ln
711 1096 840 1177 aucupio
868 1094 1019 1168 Gerulum,

65 1211 243 1278 generosum
263 1193 340 1254 iilud
367 1199 400 1256 et
425 1194 509 1275 pacis
537 1194 772 1255 amantissimum
800 1200 926 1275 pectora,
951 1199 1020 1255 tan»

63 1315 155 1376 qnam
175 1299 321 1357 nonum
335 1311 391 1355 suo
411 1295 540 1375 aucupio
565 1297 667 1375 aptam
694 1291 862 1374 Augustam
891 1296 1020 1357 necersi·

61 1400 188 1469 verunt,
217 1405 277 1456 non
296 1393 474 1455 concordiae
493 1394 610 1464 studio,
637 1413 727 1471 quarn
747 1394 937 1466 simulabant,
964 1395 1020 1456 aed

62 1501 100 1558 nt
118 1495 215 1557 nostri
236 1492 410 1555 advolantes
430 1496 680 1574 opprimerentur,
700 1495 779 1555 sicut
799 1496 1018 1556 etiamnostroa

64 1593 243 1656 dimiserunt
262 1610 332 1654 enm
351 1593 524 1653 haeultima
536 1595 737 1673 responsione,
756 1612 792 1654 sc
805 1593 1018 1672 conjuncturas

63 1712 124 1757 non
145 1694 244 1757 solum
263 1695 342 1754 vires
363 1696 395 1753 et
415 1710 503 1773 opes,
524 1692 579 1752 sed
599 1695 774 1773 sanguinem
795 1693 885 1754 etiam
904 1692 945 1753 ad
966 1711 1019 1753 no-

62 1800 158 1857 stram
180 1793 347 1855 doctrinam
367 1792 602 1874 opprimendam.
642 1792 686 1852 lbi
705 1792 825 1852 tandem
854 1797 1019 1874 patuerunt

63 1895 126 1957 doli
148 1898 181 1956 ct
210 1892 375 1955 erudelitas
403 1887 529 1955 istorum
557 1909 708 1973 aucupum
735 1894 882 1965 Satanae,
908 1894 1018 1970 quibus

63 2000 166 2059 tamen
198 1994 356 2056 clementia
390 1996 423 2053 et
446 1995 563 2054 bonitas
591 1993 695 2073 optimi
721 1993 852 2053 ematis
878 1993 1018 2065 occurrit,

63 2093 129 2159 lieo
150 2096 197 2156 sic
216 2096 374 2174 rumpente
394 2092 516 2171 laqueos
530 2093 790 2156 etnosliberante.
832 2092 1020 2154 Conveniunt

63 2196 168 2273 itaque
187 2194 264 2255 hacc
300 2194 481 2272 experientia
500 2198 605 2254 nostra
637 2198 669 2253 et
688 2195 820 2273 Spiritus
849 2195 945 2253 sancti
965 2211 1019 2272 ap·

63 2297 199 2358 tissimae
219 2295 364 2373 picturae,
386 2294 494 2370 quibus
515 2292 613 2373 pingit
623 2292 818 2366 adversarios,
838 2293 1019 2371 quodjuris

64 2395 204 2459 crudeles
233 2397 265 2455 et
292 2391 393 2452 collidi
422 2394 500 2465 sint,
533 2412 590 2453 nec
616 2392 713 2471 possit
739 2412 807 2452 esse
834 2397 940 2454 contra
966 2411 1019 2453 eos

65 2495 150 2558 aliud
172 2492 364 2574 praesidium,
385 2510 475 2568 quam
487 2491 568 2570 quod
588 2491 724 2551 dominus
741 2494 854 2571 rumpit
869 2492 1018 2568 laqueum,

66 2599 98 2657 at
118 2594 185 2676 pios
212 2592 336 2665 liberat,
361 2591 527 2652 seeundum
552 2592 745 2652 sententiam:
772 2592 854 2665 „Nisi
882 2592 1018 2654 domiuus

65 2697 148 2757 canet
168 2693 350 2754 rotiacums‘

148 2793 246 2854 Porro
261 2791 431 2871 hujusmodi
449 2789 585 2871 pericula
603 2794 635 2851 et
654 2788 844 2852 liberationes
858 2790 1020 2871 etiampri-

65 2894 160 2956 ratini
186 2892 365 2973 experimur.
405 2890 532 2956 Quoties
558 2891 685 2963 accidit,
705 2903 741 2952 ut
767 2896 940 2963 serventur,
967 2891 1019 2968 qui

63 2991 190 3074 jamjam
211 2990 351 3052 videntur
370 2993 473 3052 morbo
493 2991 586 3051 aictii
608 2989 735 3055 Quoties
755 2993 784 3050 iu
800 2993 885 3069 aquis
897 2995 1020 3071 praeter

66 3111 154 3174 spem
175 3096 333 3171 emergunt
353 3092 464 3169 aliquit
496 3091 620 3157 (luoties
646 3093 769 3164 oceidit,
796 3096 832 3150 ut
851 3091 1018 3171 periculose

66 3190 147 3273 lapsi
168 3195 269 3252 tamen
289 3208 348 3251 uon
370 3191 547 3252 laedantur!
574 3191 659 3251 llaec
686 3197 768 3252 reete
788 3193 945 3252 tribuimus
965 3210 1020 3273 pa-

67 3292 196 3353 trocinio
216 3292 360 3351 bonorum
380 3292 567 3370 angelorum,
595 3310 654 3368 quo
675 3312 728 3352 nos
749 3295 871 3351 servant
891 3293 929 3351 ab
950 3293 1020 3351 insi·

68 3391 298 3463 citissimae,
328 3411 364 3452 or
383 3390 523 3452 mandato
542 3391 608 3451 ilci.
658 3393 821 3452 Sorvamur
850 3394 929 3453 euim
954 3393 1019 3453 siue

68 3490 196 3553 consilio
230 3494 346 3564 nostro,
382 3492 439 3552 imo
468 3497 534 3552 tunr
559 3492 611 3550 ubi
639 3491 801 3572 desperare
828 3511 882 3552 nos
908 3497 1020 3571 cogunt

68 3611 176 3654 omncs
204 3593 283 3653 rues
310 3598 342 3653 ct
369 3593 465 3653 omnia
491 3591 614 3652 corrsilia
639 3597 750 3652 nostra.
791 3592 876 3652 llaec
901 3594 1019 3672 privata

68 3698 158 3765 sunt,
186 3692 240 3753 sed
268 3698 341 3753 suut
365 3697 464 3754 tamen
485 3694 677 3773 signantius
698 3693 842 3779 publicas
866 3693 1029 3755 consolati-
