2190 4064
130 186 133 191 Ι
229 193 233 198 ⁸
438 204 701 295 Psalmibi.³
968 230 1014 297 ‚08

58 386 125 447 sal-
137 374 347 458 mbuqnamus
368 396 436 439 cunr
456 379 536 458 apud
563 380 695 455 iudaeos
715 397 786 441 suos
806 380 837 443 in
858 384 955 452 terra,
982 384 1031 447 aa

58 488 88 547 in
107 486 171 545 bac
191 479 343 561 corporali
370 481 439 538 rim.
481 479 565 539 Unus
586 482 663 539 enim
685 485 749 552 est,
780 480 832 557 qni
859 479 1016 547 adscendit

57 583 99 644 su
121 582 243 651 casios,
258 576 325 657 'qui
341 562 435 638 aaa
456 578 624 651 sescenas,
653 579 732 640 usus
748 580 877 667 *nomas
898 584 929 640 a
948 579 1015 653 ner,

58 670 209 743 caristia
229 680 329 741 Jesus.
371 678 430 737 Hic
450 683 504 749 est,
527 677 577 738 de'
592 698 649 756 quo
669 679 812 740 babemus
833 678 1015 755 mmdatum,

57 787 192 859 uticum
211 778 385 849 audiamus,
412 778 461 838 bic
481 782 543 849 est,
577 779 628 853 qni
655 777 725 837 tulit
757 783 882 858 peccata
902 779 1014 852 munii,
1040 802 1044 809 ¹

57 881 138 941 baec
166 896 231 937 nna
257 877 437 947 satisfactio,
464 877 539 965 baec
557 895 619 935 una
634 876 747 936 ablutio
775 896 831 937 seu
859 878 1014 959 adspersio

58 986 118 1049 est,
140 996 205 1055 qua
226 976 383 1049 salvamur,
404 980 435 1036 ct
455 976 635 1056 principium
648 975 754 1037 salutis
776 981 831 1049 est,
850 978 926 1039 baec
945 996 1016 1045 cum

58 1078 161 1150 audis,
184 1096 244 1137 non
265 1096 340 1159 esse„
351 1064 537 1136 incredulum
555 1075 729 1136 revelationi
739 1076 863 1149 divinae,
882 1077 937 1138 sert
949 1096 1015 1139 cre-

55 1182 143 1240 bere.
190 1178 266 1236 Nam
296 1175 375 1252 qnod
397 1194 473 1236 nova
491 1176 553 1235 rita
573 1177 658 1251 sequi
680 1174 781 1247 debet,
803 1170 863 1237 uon'
882 1178 1015 1256 pertinet

11 1334 13 1359 ,
56 1280 90 1340 in
113 1278 163 1359 ari¹
181 1275 427 1346 satisfactionem,
461 1275 514 1335 sed
535 1275 573 1334 ad
595 1275 727 1335 debitum
756 1280 787 1337 et
808 1267 1013 1351 obedientiam,

11 1368 13 1385 ⁵
53 1382 86 1439 at
108 1377 187 1454 qnia
207 1394 274 1434 eam
284 1375 416 1454 Spiritus
429 1360 600 1434 s‘ai'sctusin
619 1375 705 1435 nobis
726 1360 1012 1458 excitet-,non'pot-
1066 1362 1069 1369 ¹

55 1482 106 1539 est
138 1475 236 1536 statui
257 1493 292 1532 ex
313 1491 349 1532 ea
367 1475 505 1533 meritum
525 1470 645 1549 a'liquod
665 1474 799 1543 nostrum
826 1475 866 1534 acl
891 1475 1015 1556 placan-

55 1577 133 1637 rinm
157 1574 256 1634 Deum
276 1572 473 1651 et'expianda
495 1577 634 1651 peecata,
662 1592 740 1650 quae
767 1574 831 1652 jam
850 1592 907 1655 per
928 1576 1015 1637 Obri-

54 1682 143 1737 stnm
166 1674 315 1733 (iocentur
336 1672 453 1749 expiata
476 1690 550 1740 esse,

148 1772 213 1832 Seu
234 1776 271 1831 ut
284 1757 365 1840 'dixi
400 1769 663 1830 difficulterbaec
692 1769 826 1832 doctrina
856 1756 1013 1835 retinetur.

56 1875 143 1935 Dum
155 1882 240 1932 exue
259 1872 451 1931 tentationem
472 1889 584 1941 snmus,
605 1870 730 1935 videtur.
744 1890 816 1931 esse.
831 1872 935 1944 facilis,
957 1872 1013 1933 sest
1086 1874 1090 1881 '

57 1994 132 2036 cum
156 1977 275 2051 tempus
296 1972 379 2049 pacis
401 1971 488 2041 abiit,
521 1974 551 2029 et
572 1988 674 2029 sumus
696 1971 791 2049 positi·
807 1973 837 2031 in
859 1973 1013 2052 cogitatio-
1053 1993 1057 1999 ·

57 2070 167 2135 nibus'
190 2073 252 2130 irae
283 2069 358 2140 Dei,
391 2073 455 2129 tum
476 2072 660 2149 experimur,
689 2072 791 2147 quanti
825 2074 935 2151 negotii
951 2071 1013 2145 sit,

57 2174 140 2233 baec
162 2171 287 2230 tirmiter
308 2170 439 2228 credere.
482 2169 584 2235 Quare
604 2169 745 2229 admoniti
765 2172 826 2231 sint
846 2193 954 2244 omnes,
973 2192 1013 2234 ne

59 2271 139 2349 quid
160 2268 483 2350 praesumant,.doeeri
504 2272 535 2327 et
556 2269 653 2328 audiri
667 2270 885 2348 possuntbaee‚
907 2278 1013 2333 ctare-

60 2372 94 2431 ni
116 2388 245 2445 quoqne,
267 2368 321 2428 sed
337 2360 371 2427 'in
394 2354 558 2428 tentatione
579 2369 667 2427 etiam
682 2368 856 2445 perdurare,
875 2370 932 2430 boc
953 2373 1013 2431 sin-

62 2471 174 2551 gulare
197 2469 330 2548 Spiritus
352 2469 448 2527 sancti
469 2467 578 2527 donum
600 2472 654 2527 est.
683 2465 777 2527 ¹Adeo
804 2468 936 2547 proclive
965 2475 1013 2535 est
1035 2460 1038 2465 ’

60 2571 125 2630 labi
146 2571 176 2628 in
197 2569 391 2648 cogitationes
410 2567 480 2625 huie
501 2566 654 2625 doctrinae
674 2569 848 2639 contrarias,
868 2568 907 2629 de
924 2572 1011 2631 satis-

62 2667 259 2738 factionibus,
288 2672 318 2726 et
350 2665 493 2725 similibus
525 2668 655 2724 Satanae
681 2668 860 2746 praestigiis.
904 2669 1011 2735 ,tiuare

63 2786 134 2828 eum
155 2768 266 2826 auditis
289 2765 519 2844 satisfactiones,
548 2765 585 2825 ds
615 2785 653 2825 ea
673 2767 874 2827 satisfactione
893 2774 1012 2833 tantum

63 2866 218 2935 affirmate,
240 2865 320 2942 quod
341 2884 411 2925 rora
432 2866 479 2934 sit,
501 2864 708 2940 quaediebus
729 2871 759 2925 et
780 2871 827 2926 est
846 2871 1010 2932 satisfactio

63 2964 142 3036 fidei,
165 2964 243 3041 quod
264 2964 378 3051 scilicet
401 2965 539 3023 Christus
560 2954 649 3025 Je'sus
664 2966 928 3045 portaritpeccata
946 2975 1017 3032 tua.-

62 3064 130 3124 Hac
151 3064 352 3147 satisfactione
368 3068 469 3123 stante
483 3063 546 3125 sola
567 3068 597 3122 et
609 3064 776 3152 purissima,
798 3067 862 3125 sine
880 3067 941 3129 ulio
956 3071 1009 3131 au·

62 3164 226 3223 difamanto
247 3168 365 3222 tuarum
387 3164 629 3232 satisfactionum,
649 3162 721 3222 ficet
742 3163 874 3243 affligere
891 3146 1032 3233 earnem*

63 3266 95 3322 et
114 3260 301 3333 mortificare,
321 3261 393 3322 iicet
414 3262 517 3322 sedulo
540 3279 678 3321 exercere
700 3263 869 3338 caritatem,
898 3273 1010 3333 servire

62 3361 216 3431 vocationi,
238 3374 269 3419 et
289 3362 386 3420 omnia
405 3361 518 3433 facere,
541 3378 618 3436 quae
639 3379 674 3419 ex
695 3363 784 3420 verbo
805 3362 861 3423 Dei
881 3374 1009 3446 possunt

62 3460 184 3538 suscipi.
211 3458 316 3519 'llaec
344 3460 512 3519 obedientia
538 3457 602 3518 Deo
631 3466 718 3538 prata
744 3465 776 3520 et
801 3452 925 3545 accepta
953 3473 1008 3540 est,

62 3561 135 3636 qnia
155 3558 188 3619 fit
208 3558 308 3619 debito
329 3559 396 3630 fine,
417 3564 452 3619 ut
472 3559 586 3620 scilicet
607 3558 763 3620 obediatur
783 3560 864 3635 Deo,
895 3585 952 3625 non
973 3571 1008 3628 ut
1031 3582 1036 3593 ·

63 3659 241 3737 instituatur
258 3658 418 3719 satisfactio
439 3659 571 3738 propria
613 3658 677 3727 ¹Sed
704 3660 777 3740 quid
805 3660 877 3721 facit
907 3682 1007 3726 mona·
