2190 4064
208 288 211 295 .
327 234 651 319 lluuoapstorio.
840 302 844 307 ,
943 242 1001 305 tol
1028 232 1031 237 ’

42 409 156 455 saum
176 407 250 461 esse,
271 387 352 466 quod
373 386 487 449 Paulus
515 387 602 449 dicit:
623 385 706 461 „lion
737 388 824 451 multi
850 391 1003 471 ssplomes

43 489 219 555 secundum
238 506 367 560 mrnem,
388 505 447 549 uon
466 487 552 549 multi
572 492 728 566 potentes,
758 508 818 549 non
845 489 932 552 multi
950 510 1004 553 no-

44 591 145 653 biles:
166 578 220 649 sod
240 587 334 648 stulta
353 587 456 646 mundi
477 586 567 666 elegit
586 587 697 648 Deus.“
730 586 835 667 ltaque
853 608 922 649 com
940 608 1003 651 ura·

43 692 100 771 jor
127 707 199 768 pars
228 689 433 767 episcoporum
465 692 496 746 et
537 687 707 765 principum
737 687 927 767 evangelion·
949 694 1003 751 aut

48 791 269 871 persequatur·
299 789 352 847 eut
390 784 540 864 negligat,
563 785 823 869 ¹jucundissimum
850 788 1002 852 ecclesiis

49 886 260 970 spectaculum
282 890 343 957 est,
364 884 445 961 quod
464 888 495 943 te
514 885 545 943 in
565 888 648 945 tento
669 884 828 965 splendore
847 888 1002 966 majorum,

49 990 139 1049 etin
169 988 227 1047 isto
247 985 401 1064 dignitatis
431 982 529 1063 gradu
555 1003 656 1045 veram
676 984 841 1045 doctrinam
861 988 1002 1068 amplecti

49 1087 173 1157 rident,
204 1088 236 1146 et
267 1083 408 1165 occupari
444 1083 628 1144 sanctimimo
660 1084 759 1173 studio
789 1086 1002 1166 propagandae
1066 1137 1070 1146 .

49 1206 146 1249 verae
165 1184 323 1265 religionis.
366 1181 504 1241 christus
547 1188 648 1244 servet
678 1183 882 1245 celsitudinem
909 1190 1002 1261 tuom,
1070 1203 1074 1211 ·

51 1304 183 1363 eamque
202 1300 293 1365 porro
309 1283 403 1371 etiam
428 1282 575 1361 gubernet
593 1282 633 1341 sd
666 1281 790 1361 gloriam
809 1287 934 1347 nominis
955 1288 1002 1348 sui

48 1378 303 1464 amplificandum.
344 1379 447 1443 Amen
498 1368 597 1441 llatae
638 1380 818 1462 Noribergee
869 1404 924 1445 ex.
948 1405 1003 1469 ps·
1066 1386 1068 1392 '

48 1484 160 1553 mula
180 1480 343 1545 Sebaldina
362 1480 432 1543 idib.
453 1479 579 1541 llertiis.
600 1478 686 1543 duno
706 1481 748 1548 Μ.
768 1480 807 1546 Ι).
830 1478 900 1545 XL.

424 1684 633 1702 m

51 1910 115 1987 lui
141 1900 446 1995 QUlNllllGllll
471 1905 717 1984 Psaoows
744 1904 1004 1986 GRADUUM

51 2090 346 2183 commentarii,
366 2109 410 2150 ex
440 2089 819 2170 praelectionibus
839 2089 877 2151 ll.
897 2089 1004 2179 llar-

162 2190 240 2251 tini
258 2188 431 2267 Lutlreri
450 2207 594 2261 summa
626 2188 700 2249 lide
727 2189 901 2264 collecti.

327 2336 330 2341 '
423 2312 641 2384 Praelatio.

144 2460 243 2541 Saepe
263 2462 352 2519 antee
367 2458 483 2519 ostendi
499 2459 529 2517 in
551 2457 676 2518 exordiis
694 2476 826 2520 meorum
837 2432 1006 2531 lectionum,

55 2578 121 2641 qno
142 2559 270 2621 oonsilio·
284 2577 435 2619 sacrarum
454 2558 607 2618 literarum
629 2560 844 2619 enarrationem
870 2559 1008 2619 institue·

55 2678 128 2721 mus
140 2660 186 2741 ξ),
205 2678 264 2719 non
280 2659 360 2737 quod
371 2677 446 2718 novo
459 2663 512 2717 out
526 2658 628 2736 ignota
643 2655 708 2717 aliis
721 2659 874 2737 cupiamus
890 2656 1006 2731 offerre,

56 2761 105 2821 its
117 2760 203 2845 ¹enim
222 2763 326 2819 nostra
346 2758 492 2837 theologia
512 2760 544 2817 ot
562 2756 661 2817 latinia
682 2757 783 2837 literis,
798 2762 828 2817 et
847 2756 1008 2818 vernacule

56 2858 165 2939 ungue
190 2858 340 2919 celebrata
369 2863 430 2931 eet,
451 2861 486 2917 ut
506 2857 599 2936 magis
620 2856 885 2929 exhortationibus,
919 2874 1008 2933 quem

59 2956 200 3019 doctrina
219 2976 294 3039 opus
315 2977 382 3019 esse
402 2957 554 3030 rideatur,
584 2956 639 3017 sed
670 2959 750 3036 quod
779 2956 904 3036 diligens
925 2955 1008 3017 verbi

59 3054 120 3119 llei
146 3057 330 3136 praedicatio
359 3058 575 3138 estpropriue
606 3056 707 3118 cultus
735 3058 802 3119 nori
828 3055 1008 3127 testamenti,

59 3152 151 3235 lonpe
171 3157 285 3235 gratior
310 3154 390 3227 Deo,
423 3156 553 3217 sanctior
582 3158 615 3217 el
638 3156 759 3229 melior,
794 3174 883 3233 quam
908 3173 1009 3223 omnes

6 3292 8 3299 ·
59 3246 163 3315 cultui
201 3259 233 3315 et
263 3254 409 3317 sacrificia
439 3255 537 3317 omnia
558 3257 677 3339 xveterio
707 3256 887 3318 uelamenti.
939 3254 1009 3315 ldoo

59 3354 152 3415 etiam
173 3372 241 3415 cum
261 3352 309 3415 lex
328 3352 426 3415 adhuc
445 3356 575 3435 rigeret,
602 3355 700 3417 eanoti
719 3356 884 3437 prophetae
904 3352 1011 3435 procul

59 3450 190 3533 abjectis
210 3446 390 3515 holocaustis
411 3457 442 3514 ot
462 3453 526 3515 eliis
546 3452 623 3535 legia
644 3453 812 3529 sacrificiis,
834 3453 1011 3517 sacrificium

116 3598 152 3671 1)
172 3598 321 3657 Ssersrun
332 3600 634 3669 klltorsrsntrsetstio
652 3601 718 3659 ideo
728 3600 893 3671 instituitur,
911 3605 941 3653 at
956 3614 1011 3661 noo
1035 3584 1042 3595 “

59 3686 154 3745 selum
173 3684 327 3745 docentor
343 3686 472 3746 honines
481 3726 492 3761 ,
510 3688 675 3751 sod-oolla!
691 3699 860 3773 praestetur
870 3686 961 3745 beo.

85 3792 182 3837 butam
194 3790 236 3869 op.
249 3799 336 3849 mse.
351 3794 401 3841 Vei.
416 3795 480 3843 xlx.
551 3800 556 3813 ¹
621 3816 639 3848 ,-
710 3808 756 3871 u
