2190 4064
33 54 36 63 Ι
74 104 122 169 ti·
212 116 218 141 ¹
447 64 637 185 Epistola

34 276 40 287 ¹
76 258 229 319 doctrinae
255 258 375 319 nostem
405 256 624 336 reprehendere
657 254 763 317 saltem
794 234 899 353 alique
917 238 1071 339 probv'‘·{

79 357 198 417 biiit
151 362 198 416 ret
199 358 265 416 ione
284 360 393 437 potest.
437 356 498 415 Sed
517 357 574 416 hoc
595 361 686 436 caput
706 360 760 429 est,
783 358 862 434 quod
882 378 944 419 non
961 366 1035 420 tum¹
1066 346 1071 397 ’-

77 474 157 537 papa
178 461 209 516 et
225 457 328 517 hostes
343 457 495 534 evangelii,
517 459 604 532 quem
626 459 691 535 ipse
708 459 802 516 Satan
823 460 893 517 totis
911 461 1030 521 viribus

77 560 238 636 oppugnet,
260 555 340 633 quod
358 546 407 614 hic'
426 556 559 671 psalmus
581 556 706 626 docet‚'
698 576 728 614 m
746 555 922 633 J'udicioDei
945 552 1031 619 nullo

77 655 135 714 elie
155 674 188 714 re
210 675 263 714 nos
285 674 373 734 posse
394 657 463 726 niti,
500 674 589 731 quem
608 657 811 726 misericordie
830 654 906 727 Dei
939 658 1029 735 cujus

77 756 134 815 etsi
141 760 199 814 non
207 757 334 826 umorem,
356 737 590 833 tomenmaxime
604 755 721 828 illustre
733 759 942 833 argumentum
970 738 1046 829 ests

78 856 157 933 quod
177 856 259 914 Deus
282 856 420 914 exhibuit·
432 856 525 913 filium
547 874 647 924 suum,
675 858 710 912 ut
730 855 849 912 uictima
868 861 950 915 esset
970 874 1029 935 pro

76 957 207 1036 peccatis
229 954 338 1013 mundi.
362 956 423 1013 Sed
445 975 482 1013 ne
502 956 558 1013 hoc
580 952 697 1029 quidem
719 958 821 1033 operte
840 938 953 1033 negant
973 960 1030 1016 unt

44 1072 47 1079 ’
78 1057 252 1134 oppugnent
280 1053 444 1112 adversarii
464 1055 573 1124 nostri,
596 1072 661 1111 nem
684 1055 726 1111 ite
746 1053 846 1132 pelam
868 1056 1028 1115 convince-

75 1159 180 1215 rentur
207 1152 420 1231 biasphemiae:
462 1152 614 1212 cuniculos
638 1156 739 1231 agunt,
766 1157 808 1223 ut,
829 1168 896 1212 cum
918 1143 1029 1233 operto

75 1254 105 1312 vi
125 1270 183 1310 non
212 1254 339 1330 possint,
368 1250 443 1310 clem
465 1256 639 1330 oppugnent
666 1252 746 1311 hunc
767 1253 941 1325 articulum,
974 1257 1039 1329 qui

76 1357 166 1432 ceput
187 1356 217 1411 et
238 1328 413 1424 encorefest
428 1351 533 1421 solutu
554 1354 682 1409 nostrae.
725 1352 826 1412 'Panto
842 1370 945 1411 eorum
959 1357 1027 1413 tum

23 1498 27 1504 ,
75 1453 211 1532 impietas
226 1457 295 1515 tum
316 1451 479 1530 impudent
471 1470 500 1509 re
526 1450 620 1527 major
644 1455 704 1509 est.
748 1452 813 1511 Non
836 1455 913 1510 enim
934 1472 1026 1525 nuuc,
1063 1476 1067 1483 ·

74 1554 140 1613 ut
130 1546 221 1625 mitio,
244 1553 274 1610 in
295 1571 403 1630 genere
426 1551 521 1610 omnia
541 1555 644 1609 nostre
659 1549 816 1622 damnent,
859 1551 914 1610 sed
935 1554 1026 1612 etiam

75 1650 203 1711 blandiri
231 1616 321 1711 nobis
341 1650 458 1721 volunt,
487 1650 556 1709 dum
588 1650 719 1727 jactant,
752 1654 843 1729 ceput
870 1650 1031 1712 doctrinae·
1061 1688 1065 1695 ·

73 1752 223 1826 utrimque
245 1769 310 1808 esse
319 1751 405 1817 rdem
427 1751 575 1825 utrimque
595 1748 695 1808 doceri
713 1748 826 1807 fidem
817 1769 848 1808 m
859 1750 1025 1822 Christum
1067 1782 1071 1798 ·

21 1846 26 1921 ¹.
74 1854 105 1908 et
126 1850 286 1908 caritatem.
308 1848 410 1923 Neque
432 1867 503 1906 sene
524 1856 598 1925 opus
620 1850 704 1907 nobis
718 1853 769 1907 est
790 1868 1041 1926 ceusom.quue·.
1068 1858 1071 1865 '

71 1965 147 2018 rere,
170 1965 225 2007 cur
244 1951 385 2025 tanquam
405 1947 568 2006 haereticos
579 1965 637 2005 nou
652 1946 746 2006 solum
757 1950 1026 2019 excommunicare·
1068 2020 1071 2025 Ι

35 2118 38 2123 Ι
72 2047 134 2107 rint
155 2050 272 2106 nostros
294 2050 362 2104 ante
383 2046 439 2105 hoc
459 2051 585 2126 tempus,
616 2046 671 2105 sed
692 2051 822 2105 extremo
844 2048 1025 2109 crudelitate
1068 2044 1071 2099 ἶ

72 2148 103 2206 in
124 2164 178 2206 nos
198 2147 246 2214 usi
268 2146 334 2215 emt,
357 2146 408 2222 qui
428 2150 527 2204 temen
547 2145 692 2204 fidemt
662 2150 692 2204 et
713 2147 897 2217 ceritatem
888 2165 1025 2225 ipsorum
1058 2132 1071 2201 ².

72 2245 239 2305 testimonio
267 2244 428 2304 docuimus.
471 2246 615 2304 Reservet
602 2250 653 2304 tur
683 2244 740 2304 hoc
765 2244 878 2323 judicio
901 2246 1024 2317 Christi,

70 2346 122 2423 qui
142 2343 288 2423 praedixit
307 2343 363 2401 hoc
384 2348 470 2422 apost
457 2344 525 2403 otiis
547 2351 577 2403 et
591 2344 738 2419 ecciesiae
746 2343 889 2416 futurum,
908 2349 952 2417 nt,
972 2347 1026 2423 qui
1054 2360 1059 2367 ·

70 2443 240 2509 credentes
241 2442 378 2514 occidet,
401 2464 433 2502 se
447 2443 511 2502 Deo
533 2443 657 2502 officium
679 2445 866 2522 praestitisse
887 2422 1026 2505 credent.
1054 2474 1071 2507 ·.

71 2544 134 2603 Sed
154 2560 227 2614 cur,·
240 2561 358 2618 quaeso,
379 2545 508 2602 retinent
527 2542 677 2601 mordicus
694 2542 885 2611 „sacrificium
903 2546 1024 2617 missae,
1059 2554 1063 2581 ²

71 2643 213 2721 quesiex
240 2659 329 2720 opere
350 2646 470 2721 operato
491 2642 612 2703 calesti
643 2660 698 2701 cur
727 2641 800 2701 ulios
821 2642 944 2703 cultusi
967 2662 1025 2704 cur
1053 2678 1057 2685 ·

61 2740 177 2803 'muita
197 2745 227 2801 et
246 2738 473 2801 intercessiones
495 2742 684 2801 sanctorum?
727 2760 782 2801 cur
802 2746 922 2811 vote-„et
944 2742 1025 2801 ordi·
1063 2770 1069 2785 ·

69 2842 144 2901 nesi
157 2854 220 2913 ,our
239 2822 298 2899 elie
307 2842 460 2900 innumero
469 2846 602 2902 monstro
621 2847 763 2917 tanquam
772 2840 905 2919 justitias
919 2840 1024 2900 defen·
1043 2828 1046 2833 ¹
1060 2858 1063 2865 ·

70 2940 154 3011 dunt,
162 2941 187 2998 si
193 2942 330 2998 statuunt
340 2926 500 3014 nobiscum,
514 2961 567 3001 nos
581 2946 698 3000 tentum
708 2941 817 2999 fiducie
828 2940 1022 3009 inchristum

70 3038 198 3097 solverit
226 3038 274 3101 Ad
289 3038 578 3119 honcbiasphemum
600 3041 812 3119 impudentiam
833 3039 949 3117 plenius
971 3058 1023 3099 co-

70 3136 253 3217 arguendam
272 3138 352 3197 hunc
362 3139 518 3217 psalmum
540 3142 627 3199 etiem
650 3141 728 3198 inter
741 3140 925 3199 adversarios
943 3139 1022 3199 cele-

65 3238 240 3307 berrimum,
274 3256 341 3297 cum
375 3238 567 3317 explicatione
593 3239 719 3298 Lutheri
747 3257 827 3297 nunc
865 3237 1056 3311 edidimus,-

65 3341 104 3395 ut
125 3340 156 3395 et
176 3336 241 3414 pios
262 3336 501 3403 confirmaremus
522 3339 578 3397 hoc
596 3338 812 3416 jucundissimo
836 3336 1051 3415 spectaculo,

65 3454 133 3494 cum
153 3436 254 3495 vident
268 3436 413 3515 Spiritum
426 3440 560 3497 sanctum
571 3443 633 3497 tem
645 3437 756 3496 diserte
766 3438 842 3505 huno
852 3432 1018 3496 doctrinam
