2190 4064
368 128 697 191 rssrmroxxru.
854 186 863 202 x
948 114 1011 192 tri
1076 82 1078 93 ⁵

57 284 132 362 quia
164 281 246 342 Deus
279 283 369 341 verbo
406 301 460 343 suo
495 285 522 342 ei
551 281 704 363 earporeli
736 266 801 341 loeo
836 279 1013 362 alligaverat
1064 294 1069 313 ‘

57 407 145 449 suam
161 389 371 468 praesentiam,
393 391 459 447 erat
479 406 549 447 vere
569 388 712 447 habitatio
724 385 788 445 [lei
833 386 884 446 Sic
900 389 1012 449 scimur

55 494 183 552 verbum
205 510 272 552 asse
293 494 488 552 incarnatum.
539 493 658 572 (terpus
686 492 787 568 itaque
815 489 928 551 Christi
955 490 1013 554 s'eu

57 616 130 659 earo
152 603 198 658 est
220 614 329 676 eorpus
351 601 381 656 et
403 615 471 656 earo
492 608 572 668 vera,
592 597 762 658 humanitas
783 596 850 674 ejus
871 602 918 657 est
938 617 1009 660 vera

56 705 239 769 humanitas.
284 702 344 763 Sed
354 704 489 773 incarne
511 721 644 782 corpore,
666 712 721 763 teu
740 700 924 789 humanitate
940 704 1008 779 ista,

56 814 202 885 uuquam
230 809 261 866 iu
290 807 411 887 speculo
443 806 587 885 quodem,
624 784 770 869 exhibitus
798 811 846 869 est
863 809 950 868 uobis
977 814 1010 870 ei
1084 878 1087 883 ¹

55 915 231 996 propositus
252 911 344 972 Deus.
385 911 468 972 Deus
500 914 531 971 iu
550 930 641 973 earne
662 911 713 973 ilie
733 912 778 974 sio
798 918 940 992 apparet,
973 918 1009 975 ut

55 1022 143 1078 extra
163 1018 240 1076 haue
259 1035 378 1077 caruem
399 1016 473 1078 nolit
494 1018 566 1092 coli,
597 1022 629 1078 et
655 1017 794 1098 cognosci
817 1036 875 1078 nou
903 1020 1008 1098 possit.

22 1144 26 1149 ·
54 1122 228 1185 Adoramus
248 1123 350 1197 itaque
379 1142 433 1182 noa
462 1142 580 1200 quoque
610 1142 710 1182 coram
738 1123 790 1183 illa
816 1142 902 1194 area,
931 1142 1009 1200 quaa

54 1247 139 1288 uano
161 1232 223 1298 est,
256 1245 354 1286 coram
375 1229 582 1319 propitiatorio
603 1231 720 1301 nostro,
741 1218 858 1287 homine
880 1227 1008 1300 Christo,
1062 1243 1072 1262 ⁸

56 1324 277 1402 et'statuimus,
299 1330 377 1408 quod
393 1334 442 1408 qui
454 1332 605 1393 extrahoc
625 1331 862 1412 propitiatorium
883 1332 1009 1393 adorant
1083 1318 1089 1331 ⁸

56 1417 172 1510 Deum,
201 1432 329 1517 peccaut
362 1441 392 1496 et
415 1442 485 1496 suut
516 1422 706 1509 idololatrae,
735 1438 814 1497 sicut
841 1440 1008 1518 peccabant
1074 1428 1078 1443 ¹

16 1614 21 1621 ,
57 1548 90 1603 at
121 1543 296 1604 idololatrae
325 1547 426 1612 erant,
463 1534 513 1617 qui
542 1540 592 1621 illo
622 1548 756 1623 tempora
775 1541 845 1601 alibi
868 1560 954 1618 quam
973 1536 1008 1601 iu

56 1646 170 1727 templo
191 1645 287 1705 Deum
310 1647 494 1720 quaerebant
523 1651 554 1706 et
573 1647 671 1707 colere
698 1645 850 1709 volebant.
903 1646 1007 1722 ltaque
1037 1662 1040 1681 ·

56 1754 110 1832 pii,
131 1752 220 1825 etiam
241 1769 308 1812 euro
320 1749 537 1827 Hierosolymis·
554 1771 611 1811 non
634 1757 743 1824 esseut,
765 1756 865 1811 tamen
887 1757 1008 1827 orantes

58 1854 216 1917 vertebant
245 1855 351 1914 seciam
383 1855 422 1914 arl
455 1859 599 1937 templum'
630 1861 661 1916 et
687 1855 892 1928 Hierusalem,
929 1859 1008 1918 siout

58 1959 187 2022 eeclesia
206 1959 294 2018 hodie
316 1959 453 2039 dispersa
472 1979 528 2040 per
550 1963 650 2022 orbem
671 1966 835 2035 terrarum,
856 1967 955 2025 tamea
976 1965 1007 2037 iu

58 2087 93 2129 eo
116 2066 260 2135 convenit,
285 2065 363 2139 quod
385 2045 502 2125 orat'in
524 2070 640 2126 nomine
656 2066 738 2138 lesu,
758 2058 846 2146 cujus
867 2069 1007 2147 passione

58 2177 89 2232 et
121 2170 234 2231 meritis
265 2169 385 2241 nititur,
419 2175 510 2247 atqua
538 2172 581 2230 ita
608 2190 662 2251 per
683 2170 771 2231 fidem
791 2171 822 2230 in
844 2160 1006 2244 Christuur,

58 2281 106 2337 est
126 2282 243 2336 tantum
266 2294 325 2333 uua
347 2274 483 2335 ecclesia.
523 2274 702 2353 Huiusmodi
725 2277 891 2337 sententiae
906 2278 1006 2357 igitur,

59 2401 137 2460 quae
158 2372 254 2440 ll'eum
276 2383 318 2438 sie
339 2380 464 2458 alligant
486 2378 636 2440 adunam
658 2384 772 2440 eertum
797 2380 908 2455 lorum,
922 2383 1007 2453 „uilt-

58 2476 165 2565 geut‘er
180 2486 252 2546 suit
267 2484 478 2545 observandae.
520 2484 628 2544 Valent
648 2487 726 2544 euim
749 2485 788 2544 ad
807 2487 1024 2549 resistendum

58 2593 194 2651 omuibus
217 2590 391 2651 idololatriis
414 2595 444 2648 et
466 2589 627 2649 auomnes
649 2571 799 2650 ¹doctrinas
818 2591 1005 2669 judicandas,
1035 2654 1050 2682 s

58 2697 137 2757 sieut
157 2696 264 2757 Judaei
285 2695 481 2783 universalem
504 2696 581 2756 hanc
601 2699 726 2775 potuero
746 2699 894 2768 statuere,
926 2696 1007 2774 quod

58 2802 153 2861 omnia
182 2799 293 2860 cultus·
312 2804 394 2861 extra
416 2790 501 2858 illum*
519 2799 616 2859 locum
637 2800 821 2860 tabernaculi
844 2807 923 2862 esset
943 2801 1006 2864 irio·

57 2905 186 2964 lolatria.
244 2908 296 2975 Sic
323 2904 514 2991 patriarchae
540 2910 704 2984 potuerunt
723 2904 857 2984 judicare
877 2906 915 2966 ‹le
936 2908 1006 2982 aris,

54 3024 133 3087 ‘quas
155 3011 242 3070 iniis
264 3010 336 3069 locis
358 3008 570 3080 condiderunt,
607 3010 658 3068 ubi
680 3010 722 3069 eis
752 3013 893 3090 apparuit
914 3011 1007 3072 domi·

56 3134 123 3174 nus.
167 3111 269 3191 Neque
291 3116 368 3173 enim
390 3115 533 3195 templum
555 3118 659 3174 contra
681 3114 839 3195 templum,
866 3137 924 3177 uon
952 3136 1006 3178 ara

21 3296 25 3309 ἱ
57 3225 162 3278 eontra
183 3238 265 3278 aram
288 3219 345 3279 iuit
366 3218 629 3288 collocanda‚'sed
651 3239 742 3280 uuum
764 3221 923 3303 templum,
945 3240 1005 3281 una

55 3343 141 3394 area,
171 3326 231 3382 una
251 3342 304 3382 ara
325 3331 405 3395 orat,
428 3326 507 3386 sicut
527 3326 611 3384 uobis
632 3343 710 3386 unua
732 3325 869 3387 Christus
890 3331 951 3398 est,
974 3327 1004 3385 in

55 3447 115 3507 quo
136 3428 354 3488 lleua=habitat
375 3435 405 3490 et
426 3432 584 3495 iuvenitur.

139 3533 208 3591 ldeo
219 3534 467 3612 magnificatitulo
475 3536 609 3617 appellat
620 3554 737 3610 ,aream
746 3536 962 3599 fortitudinia“²
969 3532 1002 3613 ⁰)

125 3638 179 3705 2⁰)
200 3638 274 3689 Areu
294 3638 477 3691 tortitudinis.

632 3728 646 3797 “.
706 3741 771 3807 aa*
