2190 4064
397 188 400 193 ’
469 176 614 305 rasim
633 228 682 291 m.
972 230 1015 292 oo

146 386 369 466 Sedhicoritur
375 384 541 464 theologica
555 386 697 462 quaestio,
712 382 858 460 quomodo
864 382 1016 463 possim

47 491 127 550 ¹{ieri
141 488 282 567 puriores
291 488 442 557 nicaeum
458 493 558 577 tamen
564 484 708 561 reliquiae
714 484 831 563 peccati
839 468 1021 562 sempernoss
1072 524 1077 531 -

54 591 108 649 bis
119 588 313 647 adhaereant
327 584 519 665 Respoudco=
537 584 635 663 Saepe
651 583 861 643 dixihomi'uem
874 582 967 643 dividi·
982 582 1016 643 iu

54 688 373 769 spiritumetcaruem.
394 683 1018 765 Quodigiturdttinetadtotumhomiuem,
1064 748 1067 753 ,

54 792 187 849 manent
208 785 352 863 reliquiae
379 786 517 864 peccati,
536 800 598 856 seu,
627 786 706 844 sicut
733 783 846 845 Paulus
870 782 1015 871 appoliti,

55 888 286 965 coquinamoutu
305 886 429 965 spiritus
451 883 601 945 etcarnis.
644 884 777 963 Spiritus
789 884 1014 960 inquinamento
1070 908 1074 913 ·

55 992 134 1049 sunt
157 982 310 1047 dubitatio
323 986 361 1045 de
381 986 495 1065 gratia,
519 983 699 1063 imperfecta
724 984 825 1056 fides,
845 1000 1016 1043 murmura-

54 1089 160 1149 tiones
195 1088 299 1173 eontra
319 1082 431 1155 Deum,
451 1079 651 1162 impatientia,
681 1082 857 1163 imperfecta
883 1082 1025 1168 cognitio·
1064 1116 1067 1121 ·

53 1187 224 1249 voluntatis
244 1184 300 1245 Dei
322 1181 379 1243 eto.
422 1183 528 1243 Oaruia
555 1183 779 1259 inquinamento
805 1186 876 1242 sunt
896 1182 1015 1243 adulte-

39 1288 122 1358 ¹ria,
157 1282 427 1364 concupiscentiae,
456 1282 626 1355 homicidia,
664 1283 766 1361 jurgia
795 1287 853 1343 etc.
894 1280 937 1345 dt
967 1284 1015 1343 in·

54 1388 253 1463 quinamenta
273 1384 397 1463 spiritus
415 1400 471 1462 per
482 1383 655 1455 haereticos,
669 1383 892 1459 inquinamenta
911 1358 1014 1447 carnis

54 1504 116 1566 per
138 1484 256 1561 reliqua
276 1478 418 1543 scaudala
437 1484 468 1542 iu
488 1482 599 1543 mundo
618 1482 824 1555 cumulantur,
845 1486 881 1543 ut
896 1487 932 1567 jet
949 1483 1015 1564 spi«

55 1584 140 1645 ritus
161 1588 193 1644 ct
214 1601 322 1662 corpus
343 1582 505 1662 polluatur.
1067 1564 1070 1575 ’

105 1678 108 1684 ’
144 1684 274 1762 Propter
304 1682 379 1742 haec
399 1682 622 1758 inquinamenta
651 1682 744 1761 igitur
770 1682 828 1741 etsi
844 1698 1012 1758 ⁴uunqtuuu

56 1786 153 1844 simus
184 1784 228 1842 ita
247 1782 317 1861 puri
344 1781 507 1864 etlsancti,
523 1782 615 1863 ¹sicut
641 1798 695 1861 nos
717 1799 785 1842 esso
805 1783 1009 1855 conveniebat,

57 1878 162 1944 tamen
184 1882 336 1967 consecuti
352 1880 417 1959 jam
436 1898 540 1941 sumus
554 1882 743 1959 baptismum,
764 1881 815 1957 qui
831 1862 1013 1961 purissimus

59 1988 123 2054 cat,
155 1970 321 2049 consecuti
340 1966 443 2041 sumus
463 1981 600 2053 verbum,
632 1980 713 2059 quod
741 1982 933 2059 purissimum
953 1986 1016 2054 est,

58 2082 213 2143 consecuti
232 2098 335 2140 sumus
354 2082 445 2140 ctiam
463 2081 496 2139 in
513 2078 605 2140 ierbo
620 2086 651 2140 et
664 2082 811 2159 baptismo
843 2099 900 2161 per
920 2080 1013 2144 fidem

59 2182 236 2261 sauguinem
257 2180 383 2251 Christi,
411 2180 469 2255 qui
481 2180 615 2259 profecto
641 2180 730 2239 etiam
751 2185 798 2240 est
818 2183 1011 2261 purissimus.

58 2281 143 2360 Ergo
163 2279 327 2340 secundum
346 2279 425 2338 hauc
442 2281 619 2357 puritatem,
650 2296 739 2354 quem
768 2282 876 2359 spiritu
897 2286 929 2342 et
947 2280 1010 2343 fido

57 2382 202 2440 habemus
235 2397 272 2439 ox
292 2380 411 2439 christo
437 2384 469 2438 et
496 2380 690 2439 sacramentis
721 2381 759 2439 ab
788 2398 821 2439 eo
852 2381 1010 2452 institutis,
1052 2411 1058 2423 ·

58 2485 143 2540 recte
164 2478 273 2539 dicitur
305 2462 486 2539 christianus
504 2480 710 2557 poncinico,
740 2481 798 2539 imo
819 2481 924 2558 purior
945 2479 1013 2547 sole¹

57 2584 90 2640 ct
111 2579 213 2650 stellis,
234 2579 350 2638 etiamsi
371 2578 586 2638 adhaerescunt
604 2578 656 2637 ilia
685 2580 908 2654 inquinamenta
921 2580 1011 2658 spiri·

58 2686 110 2740 tus
131 2684 162 2738 et
182 2680 290 2739 carnis.
332 2680 411 2738 Sunt
440 2679 516 2736 enim
545 2681 626 2736 tecta
659 2681 690 2736 et
722 2680 831 2759 obruta
861 2679 1009 2739 munditie

57 2784 91 2840 et
110 2781 245 2860 puritate
266 2777 386 2849 Christi,
408 2797 497 2855 quam
518 2778 726 2854 consequimur
745 2779 851 2866 auditu
870 2779 953 2838 verbi
974 2781 1009 2839 et

56 2878 126 2939 fide.
168 2879 226 2938 Est
245 2880 346 2937 autem
366 2878 523 2957 diligenter¹
541 2876 711 2948 notandum,
732 2877 812 2956 quod
829 2879 904 2937 hacc
924 2880 1008 2957 puri·

56 2984 105 3039 tas
126 2982 174 3037 est
193 2978 290 3037 adana
311 2978 436 3056 puritas.
478 2977 616 3038 Christus
637 2978 713 3037 enim
740 2996 794 3045 sua
812 2978 931 3055 justitia
951 2994 1018 3038 nos¹

56 3089 145 3139 ornat
165 3081 197 3137 ot
216 3078 314 3136 vestit.
356 3075 471 3143 Quodsi
499 3077 694 3137 christianum
719 3078 861 3138 intuearis
887 3078 1006 3139 seclusa

55 3179 173 3239 Christi·
187 3178 305 3255 justitia
324 3181 356 3236 et
374 3177 513 3255 puritate,
535 3172 630 3253 qualis
651 3177 683 3236 in
704 3196 737 3236 se
757 3178 804 3249 sit,
826 3179 916 3240 etiem
937 3197 1008 3243 cum

53 3283 103 3339 est
124 3279 344 3361 sanctissimus,
377 3281 441 3335 tum
468 3277 602 3338 invenies
633 3295 690 3337 nou
713 3278 809 3338 solum
829 3278 1006 3341 munditiem

53 3378 184 3447 nullam,
219 3376 273 3436 sed
306 3375 493 3446 diabolicam,
526 3381 562 3436 ut
592 3378 635 3437 sic
662 3396 777 3448 vocem,
807 3379 1001 3459 nigredinem.

52 3478 148 3537 Porro
171 3475 243 3552 'quid
262 3493 343 3553 papa
361 3475 434 3534 facit
453 3475 533 3534 alind
555 3479 584 3535 in
606 3495 661 3537 sua
681 3478 832 3550 doctriua,
857 3498 947 3555 quam
967 3482 1002 3539 ut
1077 3474 1088 3488 “

53 3577 176 3655 separet
198 3590 251 3632 nos
272 3591 290 3631 a
311 3574 444 3646 Christo,
477 3579 513 3636 ut
531 3563 727 3655 baptismum,
758 3576 892 3637 auditum
914 3596 1003 3637 oran·

53 3674 122 3754 polii
145 3691 202 3735 seu
220 3674 428 3752 promissiones
448 3674 610 3738 Deinobis
632 3676 759 3749 adimat,
783 3681 813 3738 et
834 3696 888 3738 uos
909 3676 1000 3739 reliu-

1008 3934 1092 3996 *z
