2204 4058
17 292 20 299 .
99 240 158 301 18⁶
414 211 745 303 Praelectionas
849 288 853 295 .

95 393 138 469 tio
158 393 217 453 cito
238 393 384 457 avertitur
402 411 421 452 a
438 394 572 467 veritate,
596 398 627 457 et
650 394 856 474 amplectitur,
886 414 966 471 qnae
987 397 1050 459 ann

94 474 218 573 placent
237 496 269 575 et
288 492 456 553 verisimilia
478 512 544 554 esso
563 496 712 555 videntur.
751 520 755 529 ¹

176 591 330 653 [locentur
357 598 460 670 autern¹
488 593 562 654 haec
591 596 622 653 in
648 600 781 657 nostram
802 592 1049 669 consolationem,
1082 620 1086 625 ·

96 689 177 769 qnod
203 690 306 770 lingue
333 691 434 751 dolosa
462 710 613 771 nunquam
644 696 708 754 sino
733 674 870 755 incendio
898 696 1049 755 moretur,
1082 722 1087 729 ·

96 791 175 851 sicut
203 793 291 850 etiam
320 790 400 850 color
433 792 552 870 linguae
573 797 620 853 est
641 794 723 855 color
743 796 829 873 ignis.
870 792 929 853 llic
950 792 1050 871 igitar

96 885 238 971 ignia²⁴)
261 892 356 950 bonus
379 895 432 963 cst,
464 891 583 968 quando
602 895 725 952 uerbum
746 892 802 953 Dei
830 898 861 951 ot
882 892 971 951 fidem
995 893 1051 954 do-

96 996 145 1049 cat
165 990 196 1047 in
217 987 355 1062 ecclesie,
388 995 491 1050 contra
520 992 664 1070 attignis
684 992 789 1065 maluo,
810 991 928 1069 quando
948 992 1052 1053 ‹lisca-

96 1090 141 1148 dit
161 1108 180 1147 a
200 1089 297 1160 verbo,
320 1088 471 1162 otiores,
492 1108 569 1167 quoe
589 1094 713 1153 rationis
734 1096 812 1152 aunt
836 1084 921 1149 flate
941 1092 1051 1153 videre

96 1191 127 1247 et
149 1189 227 1247 ferre
248 1189 393 1267 cogimur,
422 1188 504 1265 quod
531 1190 557 1250 ai
579 1192 645 1267 quis
667 1210 700 1251 ao
720 1191 845 1270 opponit
867 1194 897 1251 et
917 1209 971 1251 eos
992 1192 1050 1251 asl-

86 1291 210 1379 xmonet,
241 1288 459 1361 nuncrident,
481 1293 512 1349 et
533 1290 655 1370 capitoli
676 1291 742 1351 odio
762 1292 989 1370 persequuntur
1010 1309 1050 1351 nc

96 1386 228 1465 quotidie
255 1388 287 1445 ln
314 1388 402 1468 pejus
430 1388 599 1469 proficiunt
624 1389 836 1451 -Gonsolemnr
860 1390 963 1467 ltaque
991 1408 1050 1452 nos

95 1487 141 1546 his
163 1486 312 1567 exemplis,
332 1488 413 1566 quod
432 1491 506 1549 lraec
527 1490 571 1550 sic
589 1490 753 1570 praedicta,
775 1490 888 1569 scripta
909 1492 939 1547 et
959 1490 1049 1567 picta

94 1589 168 1661 sint,
190 1589 247 1648 isto
267 1589 381 1669 psalmo
403 1592 488 1662 testa,
508 1595 683 1669 etagamus
702 1588 767 1649 Deo
802 1589 914 1667 gratias
935 1588 1063 1651 saltem

94 1704 151 1769 pro
171 1673 229 1749 ia'to
249 1688 370 1769 populo,
392 1708 479 1766 quem
500 1690 601 1750 adhuc
621 1690 804 1760 retinemus,
826 1687 934 1746 deinde
955 1688 1050 1755 etiarn
1075 1676 1078 1681 ¹

95 1806 151 1868 pro
181 1788 274 1859 dono,
290 1836 294 1843 .
312 1787 391 1865 qnod
423 1807 583 1867 possumus
613 1788 752 1869 judicare
781 1787 858 1847 tales
892 1780 1052 1849 doctrinas

94 1905 162 1947 esse
190 1874 326 1945 Saturne¹
349 1888 492 1965 sagittas,
525 1889 712 1964 quantumuis
734 1888 794 1949 sint
813 1886 985 1965 speciosae,
1014 1892 1050 1949 et

17 1991 20 1997 ”
94 1986 271 2046 conveniant
292 2004 359 2044 cum
379 1987 526 2065 sapientie
547 1992 577 2046 et
595 1988 714 2064 justitia
734 1987 846 2057 cernis,
867 1986 1048 2063 itemlquod

94 2082 154 2147 sint
174 2086 251 2164 ignia
271 2084 443 2158 vehemens,
471 2084 567 2161 qualis
588 2087 618 2145 in
638 2086 776 2167 junipero
795 2084 872 2145 solet
893 2104 978 2158 eoae,
1006 2086 1051 2147 ul

94 2203 182 2262 quem
208 2170 461 2265 restinguendum
480 2203 595 2244 omnem
623 2204 744 2266 oporam
773 2202 874 2245 omncs
906 2185 1051 2247 conterre

29 2304 34 2311 ¹
95 2271 245 2346 debemus.

175 2385 242 2445 Hae
263 2388 334 2445 sunt
352 2383 524 2463 spirituales
545 2385 621 2444 istae
651 2402 785 2463 pugnae,
813 2402 890 2461 quos
910 2384 1048 2447 mundus

94 2488 204 2558 nescit,
225 2485 313 2565 longe
332 2484 460 2563 majores
482 2486 585 2562 quavis
606 2482 753 2562 corporali
774 2481 870 2554 lucta,
890 2484 943 2543 nbi
965 2502 1052 2549 com-

93 2588 254 2647 mittuntur
278 2586 341 2643 fere
360 2603 538 2663 pares-cnm
567 2585 718 2664 paribus,o
732 2583 788 2642 hoc
814 2585 877 2655 est,
908 2582 1050 2644 hominos

94 2704 162 2747 cum
182 2685 358 2761 hominibus.
398 2683 456 2745 llic
476 2704 534 2744 non
566 2682 661 2744 solnm
681 2682 839 2759 pauciores
861 2699 927 2742 cum
947 2681 1051 2761 pluri·

92 2786 151 2845 bus
181 2784 417 2844 instructissimis
445 2774 559 2844 malitia
588 2788 617 2842 et
650 2780 783 2861 potentia
822 2782 1046 2861 committimur,

93 2884 147 2945 sed
168 2885 256 2944 etiam
277 2902 344 2942 cum
365 2886 477 2944 Satana
497 2888 528 2944 et
548 2864 751 2961 spiritualibus
770 2880 918 2956 nequitiis,
937 2896 959 2938 a
982 2882 1053 2957 qui-

93 2985 151 3043 bns
171 2984 214 3041 illi
244 2988 407 3062 urgentur,
433 2961 673 3062 pugnamus25).
716 2980 821 3055 ltaque
853 2996 929 3058 opus
957 2978 1052 3040 nobis
1080 3036 1083 3049 ,

95 3098 142 3143 eot
162 3083 269 3142 auxilio
290 3082 363 3153 Del,
395 3088 425 3142 et
444 3081 594 3163 praesidio
616 3079 711 3159 angeli
732 3077 875 3149 llichael,
902 3076 955 3153 qui
976 3076 1050 3145 illos

94 3180 225 3259 dejiciat,
246 3182 325 3241 sicut
345 3184 376 3241 in
397 3180 569 3261 apocalypsi
590 3191 645 3241 ost.
667 3178 767 3256 Atque
781 3178 856 3237 haec
877 3181 924 3237 est
941 3186 1051 3251 musto,

93 3287 149 3342 otor
170 3282 264 3340 oratio
285 3285 317 3340 et
336 3282 464 3359 gemitus
484 3262 600 3361 piorum
621 3281 652 3339 in
673 3276 727 3338 tali
745 3275 880 3356 periculo
911 3276 973 3338 sint
993 3284 1055 3337 neh·

94 3380 230 3451 cessarii,
261 3383 297 3438 ut
324 3380 475 3441 dicamuaz
516 3379 680 3439 0domine
699 3394 753 3436 nos
774 3373 893 3452 qnidam
913 3374 1061 3437 libenter.

94 3479 282 3549 docebimus,
318 3480 372 3539 aed
406 3486 440 3541 tu
467 3499 589 3559 ,quoqne
618 3497 672 3537 nos
693 3476 812 3554 adjuva
854 3475 947 3555 Spem
967 3474 1053 3537 hanc
1089 3522 1093 3532 .

95 3583 309 3604 n-—a-——n

145 3626 198 3696 24)
219 3626 305 3701 Ignis.
360 3626 411 3697 25)
431 3625 593 3703 Magnitudo
612 3619 750 3700 perieuli',
769 3622 961 3704 quantacun
979 3590 1054 3705 laag

83 3698 189 3753 rodeis
205 3698 346 3771 agendum
365 3706 422 3759 cet.
