2190 4064
438 236 667 323 rumim.
809 199 876 301 s
963 241 1020 301 aaa

65 391 129 449 tem
158 405 226 447 eum
248 389 313 449 aine
333 389 447 459 rerb0,.
462 391 520 449 imo
541 394 645 452 contra
663 391 787 454 ¹verbum
807 390 867 450 ista
886 391 1029 463 institua·

65 489 109 560 rit
132 492 165 571 et
195 487 345 546 mandarit
352 533 363 567 2
394 507 509 547 summo
538 489 608 568 jure
644 491 817 567 damnamus
838 508 915 549 aum.
958 491 1030 567 Sed:
1076 544 1079 558 ι

65 590 192 664 quanto*
208 587 283 645 hacc
318 592 422 647 nostra
444 573 568 648 victoria
596 576 751 668 dn'papae
773 588 899 649 ecclesia
920 594 951 663 et
971 608 1019 669 aa·

63 687 206 747 remoniis
227 685 322 745 lerior
343 701 390 746 est
409 687 468 758 iila,
492 706 580 763 quam
602 688 767 766 prophetae
780 687 916 758 tulerint,
937 688 1025 765 quod

63 784 141 866 tegis
162 785 308 851 sacrificia
342 787 386 846 sic
395 787 627 872 oppugnarint.
668 786 771 862 Neque
804 789 880 876 enim
901 786 950 849 hic
969 805 1024 853 aa·;
1070 842 1075 855 ,

63 884 237 945 cerdotibus
258 886 338 945 sicut
357 904 464 965 papae
476 885 596 944 defuere
625 885 803 962 scripturae.
841 885 915 948 Nam
936 901 1024 964 popa,

61 975 187 1065 praeter
206 983 325 1045 nudum
349 985 491 1044 ecelesiae
518 983 640 1044 titrdum
666 1002 791 1062 prorsus
819 984 892 1043 nihil
914 985 1047 1069 habets

63 1101 125 1161 qno
145 1101 184 1143 se
196 1087 228 1143 ot
238 1083 415 1155 traditiones
435 1102 506 1144 suas
518 1085 604 1144 tueri
607 1086 710 1163 possit,
727 1085 777 1144 isti
793 1085 916 1144 autem
907 1102 936 1143 m
943 1083 1025 1186 lage.

63 1181 225 1244 sacrificia
231 1182 373 1242 diuinitus
394 1183 535 1242 mandata
556 1201 622 1242 osae
643 1188 760 1242 norant
966 1231 975 1253 ,
1017 1230 1023 1245 .

60 1288 66 1295 “
138 1282 241 1361 Igitur
261 1282 358 1341 David
379 1283 429 1341 iric
456 1282 628 1362 simpliciter
656 1286 760 1341 contra
781 1283 984 1363 scripturam
982 1289 1023 1371 at,

62 1381 175 1441 Mosen·
191 1362 312 1441 ridetur
331 1381 430 1457 loqui,
452 1383 503 1457 qui
533 1383 720 1441 manifestum
741 1384 940 1452 testimonium
958 1364 1015 1469 tiaf

61 1483 131 1555 oet,
166 1480 247 1557 qnod
268 1501 304 1557 cr
322 1481 475 1540 voluntate
494 1480 551 1539 Dei
571 1480 716 1565 populum
737 1483 909 1542 ceremoniis
930 1483 1018 1567 insti·

61 1582 168 1643 tuerit.
208 1581 321 1640 Notum
338 1582 415 1653 enim
437 1584 490 1651 ost,
513 1585 634 1659 quanto,
646 1580 774 1641 studio
765 1599 796 1640 m
816 1580 939 1651 Exodo,
954 1580 1036 1662 1¹⁰?-

59 1682 152 1743 ritico
174 1684 205 1741 et
226 1679 363 1739 Numeris
383 1680 607 1759 praecipiantur
628 1682 733 1751 omnia,
755 1698 832 1755 quae
854 1679 893 1737 ad
912 1680 1015 1743 tauers

61 1773 205 1840 neonium
228 1783 270 1853 ‚et
300 1798 387 1839 sacra
408 1779 590 1849 attinebant,
623 1783 694 1839 nota
715 1782 793 1843 sunt,
806 1761 940 1857 exempla
960 1795 1014 1859 pa·

18 1900 24 1905 ·
59 1880 265 1940 triarchamm
297 1877 449 1952 Abrahae,
489 1879 573 1938 isaac
605 1882 680 1950 ato,
713 1881 764 1955 qui
796 1895 896 1938 omnes
928 1895 1012 1937 suam

61 1997 136 2059 erga
156 1978 257 2039 Deum
275 1979 487 2056 gratitudinem
517 1977 701 2037 sacrificiist
688 1979 793 2042 testati
812 1983 892 2038 sunt.
935 1977 1017 2047 eona

62 2082 113 2169 tra
133 2095 320 2157 expressum
329 2078 383 2156 igit
383 2097 423 2136 nr
371 2058 612 2138 tmandatnm
632 2072 701 2137 Dei
710 2082 740 2136 et
760 2079 866 2137 contra
886 2078 1019 2137 omnium

62 2191 235 2238 sanctorum
256 2178 397 2256 exemplo,
420 2163 463 2237 ita
483 2179 657 2257 simpliciter
672 2177 795 2237 dicere
815 2176 868 2235 Tu
889 2196 946 2237 non
968 2179 1012 2237 vis

61 2276 224 2354 sacrificia,
259 2279 388 2356 speeiem
417 2278 528 2337 habet
536 2278 718 2338 certissimae
738 2277 880 2339 haeresis.
912 2278 1017 2337 Prius
1075 2281 1086 2345 Ῐ

61 2381 172 2448 autem,
194 2394 282 2452 quam
299 2377 483 2456 explicantur
502 2379 569 2448 ista,
590 2378 647 2436 hoc
659 2375 836 2436 monendum
854 2380 910 2447 cst,
933 2377 1015 2453 quod

63 2478 89 2536 si
112 2477 245 2554 Spiritus
266 2481 391 2536 sanctus
411 2479 440 2533 in
461 2471 577 2536 Doride
598 2475 718 2535 damnat
745 2474 890 2535 sacrificia
910 2475 1017 2535 divini-

63 2566 115 2636 tus
133 2562 228 2655 jusso,
250 2594 309 2651 quo
329 2594 379 2633 ore
401 2575 554 2634 audebunt
573 2577 707 2655 monachi
730 2575 862 2634 cucullos
884 2580 915 2634 et
936 2575 1015 2634 ordi-

62 2692 136 2749 nes,
169 2666 251 2743 rota
273 2681 304 2736 et
323 2691 444 2735 rasuras
463 2675 593 2752 jactare,
628 2678 769 2750 tanquam
803 2675 1035 2735 sanctitatem?¹
1076 2717 1078 2720 .

63 2774 134 2857 Quo
156 2794 208 2843 ore
228 2773 383 2854 pontifices
404 2775 467 2834 suis
487 2770 696 2834 traditionibus
714 2772 868 2843 audebunt
881 2774 1040 2840 tribuere'
1069 2790 1071 2795 ’

63 2872 196 2950 mquam
225 2874 387 2951 justitiam,
427 2892 495 2933 cum
516 2857 604 2950 'haec
632 2873 728 2932 omnia
762 2874 826 2933 sine
847 2874 937 2933 verbo
956 2871 1016 2932 Dei
1064 2916 1068 2923 ‚

63 2972 127 3033 sint
158 2973 316 3035 institutai
357 2973 439 3053 Ergo
456 2968 532 3039 'non
563 2972 658 3032 solum
692 2975 796 3031 contra
815 2969 927 3050 legem,
960 2971 1016 3032 sed
1040 3040 1042 3044 y

63 3071 155 3132 otiam
182 3077 287 3132 contra
305 3077 404 3132 totum
422 3076 584 3153 papatum,
605 3089 672 3130 cum
693 3072 827 3134 omnibus
850 3071 1016 3131 traditioni·
1068 3060 1071 3064 ’

62 3171 261 3244 iruasacria,v
290 3172 433 3244 cultibus,
466 3173 547 3245 hunc
579 3172 698 3252 versum
730 3171 884 3249 aSpiritu
911 3174 1014 3231 saneto

63 3271 178 3351 sentias
186 3271 317 3350 positum
323 3259 397 3343 esse,
408 3271 487 3347 quod
499 3270 613 3331 scilicet
622 3270 790 3330 coramDeo
801 3289 859 3330 non
866 3270 1015 3350 placeant.

149 3370 245 3436 (ruod
268 3370 361 3448 igitur
381 3369 478 3430 David
512 3368 667 3432 deseendit
689 3353 728 3428 ad
749 3370 879 3449 speciem
900 3370 1016 3449 specie·

64 3452 229 3544 lissimam,
262 3475 305 3543 at¹
324 3488 471 3530 summum
502 3469 615 3545 cultum
636 3469 711 3549 legis
733 3470 854 3529 damnat
875 3468 1019 3537 divinitus
1082 3494 1085 3499 2

64 3569 454 3647 institutum,·meniiestam
469 3572 550 3644 ineo
572 3566 789 3645 distinctionem
803 3569 875 3631 fa'oit
888 3569 1016 3628 omnium

66 3669 245 3750 religionum
265 3670 297 3729 in
317 3670 441 3743 mundo,
478 3672 568 3740 etiam
590 3660 676 3752 ejus,
695 3687 781 3751 quae
796 3686 820 3731 a
832 3667 927 3729 tiore
939 3667 1033 3726 instr—
