2190 4064
65 187 130 279 'att
252 226 256 232 '
369 183 712 273 ¹l'raeieetione'a

63 357 98 429 'in
117 366 213 448 primo
231 368 409 448 praecepto,
431 370 468 427 ut
487 365 519 425 in
539 363 603 426 Deo
623 364 788 427 moeno·
797 347 930 446 ponte·
947 355 1009 425 itit

66 467 142 531 olom
163 485 294 538 omnem,
313 464 352 526 de
372 466 457 527 uobis
479 470 580 528 autem
601 470 632 525 et
652 468 764 527 uostris
784 466 902 527 viribus
918 459 1008 545 repe

65 585 182 639 miuus,
214 584 250 627 ec
278 584 332 626 nos
359 566 551 646 projiciamus
572 567 602 624 in
624 568 782 626 certiorem
804 584 843 627 uc
870 566 1003 627 moiun

65 668 247 748 potentiam,
268 684 345 744 quae
367 670 413 725 est
434 666 552 726 dir-inae
571 666 700 727 virtutis
742 665 822 725 Cum
850 667 1002 726 enim'su·
1030 651 1034 708 ἶ

66 768 158 829 timus
178 784 233 827 uos
253 784 320 827 esse
341 766 487 837 infirmos,
515 784 574 825 nou
596 765 738 826 debemus
758 763 828 825 ideo
850 764 999 847 desperaro
1032 755 1034 808 i

66 864 122 928 cao
142 866 293 945 respicere
313 864 353 925 od
375 864 596 941 carissumus
618 882 760 945 sperare,
788 865 861 941 quio
883 866 998 927 conam

67 970 116 1027 eat
136 966 335 1043 omnipotens,
356 965 435 1026 sicut
455 965 627 1029 consolatur
647 968 679 1034 in
698 962 824 1036 Joaune,
845 983 914 1025 cum
933 964 997 1025 not:
1021 949 1026 959 ’

66 1064 250 1139 „0oufidite‚
278 1082 333 1143 ego
353 1065 409 1125 vici
431 1064 605 1145 muudum,“
630 1065 688 1126 hoo
708 1064 774 1136 est,
799 1082 861 1125 non
880 1064 997 1145 respidto

67 1164 108 1225 od
128 1182 195 1237 voa,
216 1182 258 1223 an
276 1164 398 1245 possitis
420 1164 539 1225 vincere
558 1164 718 1236 muudum,
739 1163 780 1224 ad
800 1182 851 1225 nre
869 1164 997 1245 scapton.

68 1266 99 1325 et
119 1265 229 1326 sentite
248 1282 345 1323 meam
364 1264 518 1324 victoriam
539 1282 606 1325 esse
625 1268 766 1324 vestrum.
806 1263 892 1344 Ergo
911 1265 998 1346 iuteo·

67 1364 245 1436 tutioribus,
275 1382 343 1425 cum
364 1382 383 1423 e
403 1365 517 1422 Samos
543 1381 716 1437 vexamur„
732 1362 800 1423 ideo
813 1346 998 1431 'confidente

68 1464 142 1543 quta
160 1464 302 1524 Christus
323 1463 410 1523 dicit:
437 1462 522 1547 „Ego
549 1464 592 1524 eis
621 1463 659 1523 do
680 1464 772 1523 vitam
792 1462 1000 1537 ueternum&

68 1582 155 1629 nemo
175 1582 228 1625 eoa
247 1565 346 1644 rapiet
368 1561 406 1623 de
429 1581 520 1623 manu
539 1568 639 1635 mea,“
658 1562 765 1623 Joann.
790 1567 838 1625 ro.
992 1584 1009 1653 ι·

149 1665 272 1726 interim
290 1668 392 1725 mmen
413 1684 472 1725 uon
490 1662 821 1725 suntobmittendoaut
834 1658 1001 1745 negligendo,

68 1769 247 1845 quao'sunt
273 1763 369 1824 nostri
396 1763 483 1825 officii
510 1766 542 1823 in
569 1763 694 1824 ecclesia
710 1760 759 1842 ⁸),
788 1764 947 1824 retinenda
969 1764 1004 1822 eat

68 1881 138 1944 spes
160 1863 259 1924 auxilii
283 1862 384 1939 divini,
406 1868 437 1925 et
456 1868 558 1924 tamen
577 1869 722 1941 quantum
743 1881 914 1942 possumus,
928 1862 1004 1923 'roe

67 1980 135 2023 mus
156 1961 290 2023 ecclesiis
310 1960 418 2021 adesse
438 1961 587 2035 docendo,
609 1951 806 2035 exhortando,
834 1961 1004 2032 consolando.

69 2060 191 2124 orando.
235 2061 287 2122 Sic
306 2061 500 2139 magistratus
526 2063 668 2142 politicus
698 2062 788 2124 debet
817 2082 904 2144 spem
925 2058 1006 2125 sorti

69 2158 160 2223 divini
181 2162 327 2232 retinere,
358 2164 389 2219 et
416 2164 516 2221 tamen
536 2163 593 2223 hoc
613 2183 672 2223 non
695 2155 939 2224 committendum
964 2163 1006 2229 tit

67 2267 105 2322 ut
124 2264 179 2322 aut
198 2278 259 2322 non
278 2261 394 2321 muniat
414 2260 531 2321 infirme
550 2261 631 2335 loca,
661 2268 714 2323 aut
734 2266 915 2325 noctusine
935 2276 1005 2323 exou-

68 2360 215 2424 bitoribus
253 2365 359 2443 portas
394 2380 453 2422 non
486 2360 617 2423 claudat.
661 2364 713 2422 Sic
737 2356 1006 2444 paterfamiliosio

69 2459 173 2523 labore
202 2466 234 2523 et
259 2460 409 2523 industrio
434 2459 508 2523 nihii
539 2461 629 2522 debet
655 2463 826 2537 remittere,
863 2468 896 2525 et
923 2468 1007 2523 tamen

70 2558 161 2624 debet
181 2562 302 2634 sentire,
323 2561 405 2639 quod
425 2562 501 2623 alius
521 2560 766 2642 psalmusjubet=
788 2562 872 2634 „Nisi
886 2564 1008 2624 dominu

69 2660 271 2722 aedificaverit
308 2659 442 2735 domum,
469 2663 584 2723 irustro
610 2661 741 2734 taboret,
768 2664 822 2739 qui
849 2682 917 2723 eam
942 2653 1009 2722 retli-

68 2760 170 2822 ίαν·
216 2757 303 2821 Haec
330 2761 408 2819 euim
435 2778 495 2820 non
519 2762 616 2822 sotum
640 2762 739 2834 licita,
775 2762 832 2823 aed
857 2762 1011 2844 praecept·

69 2861 161 2922 ettam
179 2858 278 2919 media
298 2864 377 2931 sunt,
397 2875 455 2938 per
475 2878 552 2937 quae
573 2860 639 2921 rult
660 2862 867 2933 oeconomiam,
887 2863 1013 2945 polium

69 2962 101 3021 et
121 2958 279 3020 eeclesiam
306 2974 492 3017 conservare.
542 2956 600 3017 Ubi
626 2964 726 3019 autom
749 2960 825 3022 haec
851 2964 952 3025 media
976 2962 1018 3021 ἰπ-

67 3057 201 3119 firmiora
220 3059 307 3129 sunt,
335 3074 425 3133 quem
445 3059 481 3114 nt
499 3056 650 3116 sustinere
669 3060 805 3137 pericula
822 3036 959 3143 possint,
977 3052 1020 3121 ini

68 3154 153 3217 Deus
179 3156 290 3235 potius,
318 3172 408 3232 quom
438 3152 591 3230 relinqunt
617 3156 800 3221 confidentes
829 3163 862 3221 in
889 3181 938 3236 so,
965 3168 1024 3243 pet

68 3252 246 3317 mosomum
281 3253 367 3314 solet¹
390 3248 547 3314 ostendero
574 3256 737 3333 potentiam
765 3276 860 3321 suam.
911 3262 963 3323 Sic
988 3262 1029 3319 in

69 3354 196 3418 eolesio
216 3351 340 3413 risibilis
371 3352 428 3413 Dei
455 3352 590 3432 potentia
618 3358 679 3426 est,
709 3372 798 3433 quem
819 3366 939 3423 exercet
964 3367 1031 3442 pet

69 3458 206 3536 pastores
221 3452 308 3532 pios,
330 3452 382 3528 qui
401 3468 457 3531 per
478 3468 581 3510 sanam
595 3446 768 3515 'doctrinam
788 3461 940 3523 scandulis
961 3479 1032 3521 me‘

75 3558 479 3652 Woruomoum,
499 3586 529 3635 ot
545 3585 638 3636 tamen
656 3582 749 3641 meilis
767 3588 802 3643 ab
820 3590 885 3661 ipso
906 3592 1029 3649 cantion

69 3671 124 3714 non
142 3651 309 3730 negligenda
327 3659 401 3705 sunt.

186 3923 690 3988 '„.A
