2190 4064
9 205 12 210 ι
54 295 56 300 .
104 242 176 319 m
218 184 224 207 -.
463 206 689 301 iluarratio'

104 397 203 464 ento,
223 394 333 469 utcor
352 389 427 451 nihil
447 389 566 453 (tubitet
580 376 626 452 ¹(lo
646 391 852 453 misericordia
870 393 936 467 Dei,
966 419 1065 480 noque

14 532 17 537 ·
103 497 232 573 vagetur
260 490 327 552 aliis
355 494 387 550 et
407 490 474 565 eliis
502 491 751 568 cogitationibus,
784 512 859 569 quas
889 499 942 554 aut
972 504 1064 563 corda

105 593 162 653 sibi
182 591 300 671 lingunt
320 594 374 650 aut
394 591 514 671 impiae
533 591 687 652 doctrinae
709 598 823 652 serunt.
866 591 916 652 Ao
935 595 992 657 boc
1013 603 1063 658 ‹lo-

104 710 176 757 uum
196 691 366 752 necessaria
387 694 434 750 ost
455 692 568 751 creatio
590 695 621 750 ot
641 692 839 770 innovatiot),
861 712 939 770 quae
959 695 993 756 fit
1008 716 1065 777 per

106 788 280 853 continuum
299 790 473 853 exercitium
493 791 694 869 spiritualium
714 795 911 852 certaminum
928 814 982 854 seu
1000 801 1066 857 ten-

105 893 261 955 tntionum.
303 890 379 950 Nam
400 888 536 971 exempla
555 895 627 950 aute
647 891 750 952 oculos
775 898 854 964 sunt,
876 895 957 970 quod
978 897 1065 968 multi

105 993 261 1055 uobiscum
288 992 468 1069 coeperunt,
497 990 549 1067 qui
581 982 697 1053 omnes
714 992 883 1053 incredibili
913 995 1065 1074 applausu

105 1090 370 1158 buno-doctrinam
398 1089 674 1171 amplectebantur,
705 1092 759 1151 sesi
786 1092 932 1172 paulatim
957 1100 1065 1172 postea

106 1197 160 1257 ant
181 1193 214 1251 in
234 1191 307 1251 alius
328 1190 482 1270 opiniones
502 1208 559 1270 per
579 1192 679 1253 anctus
700 1191 823 1252 abducti
845 1192 950 1259 autin
970 1197 1064 1253 mani-

105 1294 215 1359 ratam
242 1295 424 1359 contemtum
453 1292 484 1355 ot
515 1289 616 1351 odium
649 1289 794 1369 euangelii
825 1291 959 1372 prolapsi
981 1299 1061 1353 sunt

104 1391 207 1470 Hujus
228 1390 406 1455 calamitatis
426 1407 486 1455 uon
506 1389 572 1449 alia·
585 1408 678 1455 causa
697 1390 762 1461 fuit,
784 1409 873 1466 quoru
885 1393 966 1469 quod
981 1393 1062 1454 buno

107 1494 223 1555 certum
245 1491 390 1571 Spiritum
411 1508 473 1557 non
491 1489 672 1565 habuerunt,
692 1472 836 1550 aed'cum
848 1492 1063 1552 ‘sibivideren-

106 1595 159 1655 tur
179 1590 306 1672 pulchre
327 1590 437 1655 eruditi
457 1591 490 1651 ie
507 1590 568 1655 isso
585 1590 743 1670 theologos,
763 1609 820 1670 por
840 1593 980 1671 spiritum
1000 1612 1063 1652 ma-

106 1692 170 1756 lum
189 1693 221 1751 in
243 1711 309 1751 earn
328 1692 501 1772 superbiunt
521 1691 644 1757 &ducti
657 1682 736 1762 suut,
756 1695 793 1751 ut
814 1696 867 1753 aut
880 1710 957 1753 nova
972 1712 1062 1770 quae-
1081 1694 1086 1701 '

107 1797 219 1865 rorent,
241 1794 295 1853 aut
314 1810 371 1870 por
390 1792 532 1854 invidiam
553 1793 721 1871 cogitarent
741 1789 780 1849 ue
792 1793 878 1855 nobie
892 1793 1062 1871 opprimen-

107 1892 164 1957 dis.
184 1892 242 1957 Est
254 1893 347 1970 igitur
358 1909 437 1970 opus
443 1892 623 1954 certitudine
630 1883 772 1971 Spiritus,
791 1891 953 1953 nousolnm
968 1911 1061 1972 prop·

69 1974 78 1987 ’
106 1996 155 2053 ter
176 1989 341 2071 diabolum,
376 1989 430 2051 secl
451 1991 543 2053 etiam
567 1995 693 2070 propter
721 2009 842 2050 carnem
873 1995 1061 2052 nostramet

104 2090 257 2152 mundum,
278 2072 364 2153 Ilaec
372 2087 621 2166 cnimconjunctis
638 2090 723 2166 quusi
732 2089 825 2169 copiis
836 2089 1061 2154 bonomonte-

105 2191 205 2252 ‹liuem
226 2189 379 2255 doetrinae
406 2189 491 2268 nobis
518 2176 697 2265 extorquere
726 2187 838 2251 volunt
882 2189 945 2249 Sed
965 2194 1059 2253 exteri

13 2328 16 2347 ,
97 2291 204 2356 omnia
216 2290 292 2357 baoo
306 2286 515 2369 docoutlouge
526 2287 641 2361 nouas,
655 2306 745 2366 quum
755 2295 774 2348 'a
785 2289 871 2349 nobis
881 2288 939 2351 dici
951 2293 1057 2369 possit.

101 2480 157 2555 'No
182 2486 386 2573 projicies
418 2507 476 2555 ma
497 2506 528 2559 rs
547 2487 654 2557 lucie
686 2491 772 2560 tua,
802 2493 841 2553 et
863 2491 1058 2572 Spiritum

226 2592 404 2651 sanctum
432 2590 541 2653 tuum
572 2607 618 2649 ue
648 2589 809 2653 aulones
830 2608 849 2650 a
868 2609 932 2651 mo.

161 2682 164 2687 ’
185 2690 427 2769 Vide-insignem
442 2689 648 2761 humilitatem,
669 2706 758 2766 quam
778 2691 864 2751 auxie
884 2694 998 2753 metuat
1020 2711 1056 2753 ea

104 2789 247 2872 periculo,
269 2807 346 2867 quoe
366 2789 404 2851 iio
424 2789 590 2860 imminent,
611 2786 663 2867 qui
682 2788 839 2867 iustificati
860 2795 932 2850 sunt
953 2794 984 2849 et
1005 2809 1054 2849 re·

103 2875 272 2955 missionem
284 2892 485 2970 peccatorum
505 2878 627 2951 babent
646 2888 721 2951 Nam
743 2888 934 2967 sineSpiritu
949 2895 1055 2949 sancto

103 3010 163 3051 non
183 2993 287 3071 posset
306 2990 383 3049 boec
392 3007 499 3061 oraro,
514 2991 546 3049 et
557 2993 659 3049 tamen
669 2989 722 3066 qui
732 2988 795 3067 jam
810 2988 899 3049 habat
906 2988 1053 3068 Spiritum

104 3090 315 3173 sanctumboo
329 3088 445 3168 petitet
455 3080 597 3169 smplral,
619 3087 855 3167 reprojiciunt,
880 3105 919 3149 uo
933 3087 1054 3148 desera-

100 3195 161 3263 tur,
182 3209 220 3251 uo
241 3192 349 3268 peccat
367 3189 476 3249 ilerum
496 3191 528 3249 ot
548 3188 693 3259 condunt,
715 3188 800 3264 quasi
822 3187 917 3248 dicat:
946 3186 1052 3250 Habeo

93 3308 238 3361 carnem,
267 3288 345 3365 quae
373 3288 509 3357 luctatur
537 3292 643 3351 eontm
672 3289 826 3369 spiritum,
856 3287 930 3349 adas
950 3290 1051 3368 igitur,

102 3394 133 3451 et
154 3409 201 3451 me
222 3391 366 3460 sustenta,
387 3407 427 3455 no
446 3386 544 3459 laub
564 3406 696 3471 peccem,
716 3389 795 3449 sicul
811 3391 900 3449 autea
920 3393 1051 3468 peccari,

100 3509 168 3551 cum
189 3508 208 3548 a
227 3492 259 3549 to
286 3478 424 3551 desertus
452 3506 557 3555 essem·
598 3488 643 3551 Ne
676 3489 719 3549 sio
750 3506 798 3551 mo
827 3486 988 3569 projibias,
1020 3496 1052 3551 et

100 3591 245 3670 Spiritum
264 3592 350 3647 tuum
370 3592 508 3653 sanctum
527 3608 568 3655 ne
587 3588 706 3655 enimes
726 3606 745 3653 u
765 3606 832 3661 mo,
854 3589 912 3651 boo
932 3593 989 3660 cst,
1013 3591 1053 3650 da

44 3776 48 3782 Ι
116 3706 148 3770 *)
166 3706 213 3760 lte
231 3701 349 3761 seoouri.
371 3712 526 3759 erratorum
545 3704 668 3761 inlicem
680 3703 887 3776 soepeluuiel.
899 3705 1047 3778 legentum

75 3795 143 3853 ³⁸²5
163 3790 234 3843 edit.
258 3790 294 3845 de
312 3807 379 3853 m.
397 3790 502 3851 Ma
521 3792 738 3852 invocatio.

431 3974 453 4029 Δ
