2190 4064
217 186 221 205 t
342 178 347 203 Ι
632 175 636 181 ’

39 262 41 267 ’
118 246 162 325 ,⁹²
316 264 321 279 ·
398 244 708 327 Midnarrattof

122 395 181 472 qni·
193 410 250 475 per
270 393 510 483 increduiitatem
532 412 592 458 non
612 400 770 479 accipiunt,
782 418 850 481 'non
863 420 899 462 es
915 405 1068 484 sangrrinis

119 494 242 567 (insisti,
264 493 319 555 sed
335 494 557 557 incredulitatis
579 496 668 577 culpa
690 503 745 558 esc

199 569 284 655 liaeo
313 590 448 657 doctriua
460 636 464 643 ·
477 595 574 656 tacitis
588 596 657 668 est,
687 598 742 658 ssd
769 601 869 678 magni
890 602 998 677 negotii
1016 586 1067 660 'est

117 712 188 757 eam·
202 696 340 767 retinere,
362 698 393 760 et
416 696 460 754 sic
476 695 632 755 obfirmare
645 698 782 785 animum,
800 702 835 757 ut
847 697 959 757 nnllam
978 700 1066 758 satis·

7 796 27 829 ·“
115 794 286 875 factionem,
307 812 384 875 opus
404 793 534 866 nulium,
554 786 617 853 non'
633 794 745 874 legem,
767 815 825 855 non
843 796 991 874 justitiam
1013 798 1065 856 ali-

100 912 206 973 ·quam
227 891 397 953 eoramDeo
415 893 518 953 ualere
533 898 656 966 statuas,
675 898 760 954 extre
780 894 857 955 hanc
873 897 992 956 unicam
1013 897 1065 956 ad-

66 1006 72 1016 '
115 994 308 1075 spersionem.
351 993 447 1053 Variis
476 987 553 1053 enim
576 995 802 1072 cogitationibus
819 1000 970 1079 tentatur
989 996 1065 1056 haec

27 1078 30 1083 ⁵
114 1094 198 1173 tides
228 1094 300 1152 Nam
320 1097 353 1153 et
374 1091 471 1163 civilis,
483 1093 602 1170 justitia
621 1113 687 1157 non,
700 1099 801 1173 potest
813 1096 964 1154 contemni
977 1113 1065 1173 pror-

114 1214 166 1255 sus
187 1194 228 1279 ab!
245 1193 372 1252 humano
390 1192 505 1264 animo,
527 1196 558 1252 et
577 1193 625 1252 lex
644 1193 736 1264 Masi,
758 1195 827 1269 quia
849 1194 988 1254 divinitus
1009 1198 1057 1254 est

112 1298 294 1375 praecepta,
314 1308 379 1351 eam
399 1290 541 1367 retiaquit
560 1293 591 1351 in
612 1288 715 1352 animis
737 1294 910 1370 opinionem,
931 1293 1011 1369 quod
1032 1295 1059 1352 is

112 1414 172 1471 non
192 1395 289 1474 possit
307 1390 370 1451 Deo
392 1390 566 1470 displicere,
600 1393 650 1468 qut
672 1394 737 1481 eam
753 1384 902 1469 justitiam
921 1393 997 1471 legis
1016 1393 1056 1451 ad

111 1478 209 1555 Deum
231 1492 324 1552 affert.
353 1490 680 1561 Deinde'caronostra
700 1494 730 1550 et
745 1492 822 1550 ratio
834 1493 918 1551 nobis
933 1476 1054 1551 nimium

110 1593 262 1654 familiaris
283 1596 337 1663 est,¹
360 1595 394 1651 ut
414 1591 542 1650 libenter
563 1591 590 1650 ei
610 1590 814 1651 assentiamur.
853 1591 992 1651 Videmus
1014 1592 1054 1650 ci·

102 1694 211 1757 ,viliter
229 1692 322 1772 plecti
342 1685 531 1762 facinorosos,
552 1708 648 1767 neque
668 1690 731 1750 iere
752 1709 920 1768 quenquam
936 1691 1060 1751 meritas

51 1804 54 1809 '
110 1810 224 1875 poenas
245 1791 383 1869 effugere,
406 1795 436 1850 et
457 1789 643 1849 credendum·
658 1790 772 1850 scilieet
800 1794 854 1862 est,
875 1791 987 1863 Deum,
1010 1793 1062 1868 qui

112 1894 171 1952 ista
186 1892 263 1950 levia
280 1893 323 1950 ita
331 1897 471 1950 accurate
475 1889 587 1967 J'udicio
598 1906 652 1949 sno
660 1891 851 1968 persequitur
861 1892 891 1949 in
902 1895 991 1961 terra,
1001 1908 1061 1949 non

99 1991 217 2052 eadem
239 1991 396 2049 severitate
405 1991 434 2047 in
449 1993 551 2047 nostra
560 1993 685 2067 peccata
692 1989 969 2051 animadversurum
983 2008 1059 2061 esse,

22 2153 57 2163 „
112 2090 167 2150 sed
197 2090 291 2169 gratis
318 2088 561 2148 condonaturum.
604 2087 674 2147 Huc
695 2088 809 2150 accedit
831 2091 933 2160 Satan,
956 2091 1059 2167 singu-

51 2184 54 2189 ’
111 2190 224 2272 pudoris
244 2188 334 2267 hujus
356 2186 508 2247 doctrinae
528 2187 630 2260 hostis,
653 2195 683 2249 et
704 2189 735 2247 in
755 2189 812 2249 hoc
830 2190 992 2268 praecipue
1014 2191 1060 2249 in·
1081 2250 1083 2255 .

111 2294 229 2359 tentus‚·
243 2287 376 2347 uthanc
396 2287 560 2345 doctrinam
581 2288 696 2347 obruat.
800 2326 804 2331 -
1062 2286 1064 2295 '

191 2386 319 2450 Difficile
338 2388 430 2465 igItnr
451 2392 496 2446 est
517 2389 548 2446 in
569 2405 603 2446 eo
616 2406 736 2447 manere
750 2387 846 2460 fixum,
868 2388 948 2464 quod
966 2390 1060 2467 justi-

109 2490 218 2553 ficandi
235 2488 314 2548 ratio
335 2486 366 2545 in
387 2505 421 2544 eo
442 2486 537 2546 solum
558 2487 597 2546 sit
616 2488 732 2567 posita,
760 2494 795 2548 ut
815 2488 969 2549 audiamus
991 2509 1062 2548 ver-

110 2596 182 2661 bum
203 2589 241 2648 de
261 2586 452 2666 adspersione
472 2587 531 2658 illa,
553 2591 583 2646 et
604 2587 631 2645 ei
651 2586 710 2645 tide
731 2589 937 2648 assentiamur.
980 2589 1057 2648 Nam

112 2697 182 2750 cars
202 2691 233 2747 in
255 2705 344 2746 sensu
363 2687 496 2765 peccati,
524 2688 602 2747 sicut
628 2690 751 2765 propter
773 2704 848 2765 opus
869 2688 1057 2747 commissum

113 2790 202 2860 dolet,
223 2789 266 2847 ita
287 2787 375 2846 etiam
391 2788 511 2865 cogitat,
533 2786 679 2863 quomodo
701 2786 758 2845 alio
780 2805 870 2866 opere
889 2785 922 2845 id
934 2785 1056 2849 sarciat.

5 2940 7 2945 .
38 2944 42 2953 ,
110 2889 355 2950 fldssssdlsstlll'dm
375 2894 507 2946 nostram
529 2886 617 2944 etiam
638 2904 711 2945 usus
733 2889 764 2944 et
786 2882 970 2945 consuetudi)
987 2905 1058 2945 00ss-

109 2989 247 3050 firmavit.
300 2986 374 3044 Nam
387 2972 587 3045 ‘eo'doctrins
610 2986 690 3044 etin
712 2984 845 3044 ecclesiis
867 2987 1003 3044 omnibus
1025 2992 1057 3046 et

111 3091 142 3149 iu
161 3087 347 3148 monasteriis
369 3085 492 3143 maxime
513 3088 659 3162 usurpata
680 3088 741 3154 cst,
769 3086 804 3141 ut
824 3084 955 3143 homines
978 3088 1058 3164 cogi-

82 3222 87 3245 t
110 3190 211 3251 tarent
232 3186 269 3245 de
291 3156 540 3245 satisfactionibus
560 3183 780 3262 propeccatis..
801 3182 903 3243 Tanto
912 3185 1058 3262 juvenum

16 3270 20 3277 f
110 3291 167 3349 boc
182 3292 314 3364 tempore
332 3284 436 3344 metior
447 3283 574 3343 conditio
588 3287 641 3354 est,
663 3284 713 3360 qui
724 3283 825 3362 pravis
838 3285 903 3342 istis
915 3285 1059 3362 opinioni-

93 3392 170 3450 -bus
193 3406 252 3446 non
272 3385 315 3444 ita
336 3387 406 3443 sunt
424 3383 565 3462 corrupti,
587 3383 664 3442 sicut
676 3401 738 3453 nos,
761 3384 812 3459 qni
828 3386 883 3442 sub
894 3402 976 3463 papa
988 3385 1061 3443 vixi-

113 3508 189 3550 mus.
231 3484 325 3544 Multo
355 3484 433 3541 enim
458 3482 573 3543 facilins
599 3482 655 3541 hoc
676 3486 802 3563 possunt
824 3502 948 3562 capere,
976 3485 1059 3560 quod

41 3628 43 3633 -
115 3588 214 3649 lievid
233 3587 282 3647 hic
303 3584 397 3655 docet,
419 3584 526 3662 nempe
547 3581 763 3642 satisfactiones
784 3585 935 3661 pertinere
954 3583 1061 3662 adpo-

110 3688 207 3749 iitiam
225 3691 256 3748 et
276 3684 480 3757 oeconomiam,
502 3701 539 3743 ne
560 3680 663 3742 Mosen
685 3681 861 3742 collocemus
881 3684 914 3742 iu
935 3682 1059 3750 coelum,

255 3962 557 4016 *A
