<?xml version="1.0" encoding="UTF-8"?>
<!DOCTYPE html PUBLIC "-//W3C//DTD XHTML 1.0 Transitional//EN"
    "http://www.w3.org/TR/xhtml1/DTD/xhtml1-transitional.dtd">
<html xmlns="http://www.w3.org/1999/xhtml" xml:lang="en" lang="en">
 <head>
  <title>
</title>
<meta http-equiv="Content-Type" content="text/html;charset=utf-8" />
  <meta name='ocr-system' content='tesseract 3.04.00' />
  <meta name='ocr-capabilities' content='ocr_page ocr_carea ocr_par ocr_line ocrx_word'/>
</head>
<body>
  <div class='ocr_page' id='page_1' title='image "./exegeticaoperal04luthgoog_0251.png"; bbox 0 0 2190 4064; ppageno 0'>
   <div class='ocr_carea' id='block_1_1' title="bbox 67 249 683 312">
    <p class='ocr_par' dir='ltr' id='par_1_1' title="bbox 67 249 683 312">
     <span class='ocr_line' id='line_1_1' title="bbox 67 249 683 312; baseline -0.006 0"><span class='ocrx_word' id='word_1_1' title='bbox 67 254 129 312; x_wconf 69' lang='lat' dir='ltr'><strong>sla</strong></span> <span class='ocrx_word' id='word_1_2' title='bbox 382 249 683 309; x_wconf 85' lang='lat' dir='ltr'><strong>Praeleciiones</strong></span> 
     </span>
    </p>
   </div>
   <div class='ocr_carea' id='block_1_2' title="bbox 40 399 1047 3657">
    <p class='ocr_par' dir='ltr' id='par_1_2' title="bbox 40 399 1047 3657">
     <span class='ocr_line' id='line_1_2' title="bbox 68 399 1047 480; baseline 0.002 -23"><span class='ocrx_word' id='word_1_3' title='bbox 68 400 226 480; x_wconf 75' lang='lat' dir='ltr'><strong>optabilius</strong></span> <span class='ocrx_word' id='word_1_4' title='bbox 246 404 307 471; x_wconf 81' lang='lat' dir='ltr'><strong>est,</strong></span> <span class='ocrx_word' id='word_1_5' title='bbox 328 399 406 460; x_wconf 79' lang='lat' dir='ltr'><strong>icrre</strong></span> <span class='ocrx_word' id='word_1_6' title='bbox 426 403 555 479; x_wconf 86' lang='lat' dir='ltr'><strong>pestem,</strong></span> <span class='ocrx_word' id='word_1_7' title='bbox 575 400 696 471; x_wconf 82' lang='lat' dir='ltr'><strong>laruam,</strong></span> <span class='ocrx_word' id='word_1_8' title='bbox 718 400 868 479; x_wconf 75' lang='lat' dir='ltr'><strong>gladium,</strong></span> <span class='ocrx_word' id='word_1_9' title='bbox 896 402 987 479; x_wconf 84' lang='lat' dir='ltr'><strong>quauta</strong></span> <span class='ocrx_word' id='word_1_10' title='bbox 1044 400 1047 411; x_wconf 92' lang='lat'>&#39;</span> 
     </span>
     <span class='ocr_line' id='line_1_3' title="bbox 68 484 1044 561; baseline -0.002 -2"><span class='ocrx_word' id='word_1_11' title='bbox 68 501 157 560; x_wconf 87' lang='lat' dir='ltr'><strong>etlam</strong></span> <span class='ocrx_word' id='word_1_12' title='bbox 178 506 224 560; x_wconf 87' lang='lat' dir='ltr'><strong>est</strong></span> <span class='ocrx_word' id='word_1_13' title='bbox 241 499 423 559; x_wconf 78' lang='lat' dir='ltr'><strong>tolerabilius</strong></span> <span class='ocrx_word' id='word_1_14' title='bbox 445 500 586 559; x_wconf 79' lang='lat' dir='ltr'><strong>Davidem</strong></span> <span class='ocrx_word' id='word_1_15' title='bbox 607 499 781 561; x_wconf 84' lang='lat' dir='ltr'><strong>homicidam</strong></span> <span class='ocrx_word' id='word_1_16' title='bbox 801 500 867 559; x_wconf 80' lang='lat' dir='ltr'><strong>fieri</strong></span> <span class='ocrx_word' id='word_1_17' title='bbox 888 498 991 559; x_wconf 81' lang='lat' dir='ltr'><strong>ctsdul·</strong></span> <span class='ocrx_word' id='word_1_18' title='bbox 1042 484 1044 489; x_wconf 27' lang='lat'><strong>¹</strong></span> 
     </span>
     <span class='ocr_line' id='line_1_4' title="bbox 68 598 992 678; baseline -0.002 -19"><span class='ocrx_word' id='word_1_19' title='bbox 68 604 181 669; x_wconf 87' lang='lat' dir='ltr'><strong>terum,</strong></span> <span class='ocrx_word' id='word_1_20' title='bbox 210 598 296 658; x_wconf 88' lang='lat' dir='ltr'><strong>ruodo</strong></span> <span class='ocrx_word' id='word_1_21' title='bbox 316 604 434 657; x_wconf 87' lang='lat' dir='ltr'><strong>mancat</strong></span> <span class='ocrx_word' id='word_1_22' title='bbox 462 600 627 658; x_wconf 82' lang='lat' dir='ltr'><strong>reverantia</strong></span> <span class='ocrx_word' id='word_1_23' title='bbox 654 619 726 678; x_wconf 76' lang='lat' dir='ltr'><strong>erga</strong></span> <span class='ocrx_word' id='word_1_24' title='bbox 755 602 895 667; x_wconf 81' lang='lat' dir='ltr'><strong>verbum,</strong></span> <span class='ocrx_word' id='word_1_25' title='bbox 921 616 992 675; x_wconf 83' lang='lat' dir='ltr'><strong>quau</strong></span> 
     </span>
     <span class='ocr_line' id='line_1_5' title="bbox 68 681 1047 778; baseline 0 -20"><span class='ocrx_word' id='word_1_26' title='bbox 68 699 250 777; x_wconf 86' lang='lat' dir='ltr'><strong>poenitentia</strong></span> <span class='ocrx_word' id='word_1_27' title='bbox 271 699 435 757; x_wconf 80' lang='lat' dir='ltr'><strong>necessario</strong></span> <span class='ocrx_word' id='word_1_28' title='bbox 465 717 564 757; x_wconf 88' lang='lat' dir='ltr'><strong>secum</strong></span> <span class='ocrx_word' id='word_1_29' title='bbox 592 699 690 770; x_wconf 84' lang='lat' dir='ltr'><strong>affert,</strong></span> <span class='ocrx_word' id='word_1_30' title='bbox 720 718 810 775; x_wconf 86' lang='lat' dir='ltr'><strong>quam</strong></span> <span class='ocrx_word' id='word_1_31' title='bbox 833 716 869 757; x_wconf 89' lang='lat' dir='ltr'><strong>eo</strong></span> <span class='ocrx_word' id='word_1_32' title='bbox 888 699 993 778; x_wconf 85' lang='lat' dir='ltr'><strong>prolabi,</strong></span> <span class='ocrx_word' id='word_1_33' title='bbox 1044 681 1047 695; x_wconf 50' lang='lat'>⁸</span> 
     </span>
     <span class='ocr_line' id='line_1_6' title="bbox 69 794 994 876; baseline -0.002 -19"><span class='ocrx_word' id='word_1_34' title='bbox 69 802 105 858; x_wconf 87' lang='lat' dir='ltr'><strong>ut</strong></span> <span class='ocrx_word' id='word_1_35' title='bbox 131 794 253 856; x_wconf 70' lang='lat' dir='ltr'><strong>uerbum</strong></span> <span class='ocrx_word' id='word_1_36' title='bbox 282 798 506 857; x_wconf 65' lang='lat' dir='ltr'><strong>contemnatur?</strong></span> <span class='ocrx_word' id='word_1_37' title='bbox 541 797 626 857; x_wconf 82' lang='lat' dir='ltr'><strong>llaec</strong></span> <span class='ocrx_word' id='word_1_38' title='bbox 662 800 738 858; x_wconf 91' lang='lat' dir='ltr'><strong>enim</strong></span> <span class='ocrx_word' id='word_1_39' title='bbox 771 803 819 857; x_wconf 84' lang='lat' dir='ltr'><strong>ast</strong></span> <span class='ocrx_word' id='word_1_40' title='bbox 850 799 896 856; x_wconf 87' lang='lat' dir='ltr'><strong>ira</strong></span> <span class='ocrx_word' id='word_1_41' title='bbox 920 814 994 876; x_wconf 84' lang='lat' dir='ltr'><strong>super</strong></span> 
     </span>
     <span class='ocr_line' id='line_1_7' title="bbox 69 896 1047 977; baseline -0.002 -20"><span class='ocrx_word' id='word_1_42' title='bbox 69 900 160 967; x_wconf 90' lang='lat' dir='ltr'><strong>iram,</strong></span> <span class='ocrx_word' id='word_1_43' title='bbox 191 900 268 957; x_wconf 88' lang='lat' dir='ltr'><strong>sicut</strong></span> <span class='ocrx_word' id='word_1_44' title='bbox 304 902 426 957; x_wconf 87' lang='lat' dir='ltr'><strong>econtra</strong></span> <span class='ocrx_word' id='word_1_45' title='bbox 455 896 552 976; x_wconf 77' lang='lat' dir='ltr'><strong>gralia</strong></span> <span class='ocrx_word' id='word_1_46' title='bbox 583 916 674 977; x_wconf 86' lang='lat' dir='ltr'><strong>super</strong></span> <span class='ocrx_word' id='word_1_47' title='bbox 703 898 831 975; x_wconf 76' lang='lat' dir='ltr'><strong>gratiam</strong></span> <span class='ocrx_word' id='word_1_48' title='bbox 860 901 919 969; x_wconf 88' lang='lat' dir='ltr'><strong>est,</strong></span> <span class='ocrx_word' id='word_1_49' title='bbox 943 914 997 955; x_wconf 81' lang='lat' dir='ltr'><strong>cun</strong></span> <span class='ocrx_word' id='word_1_50' title='bbox 1045 901 1047 919; x_wconf 66' lang='lat'>¹</span> 
     </span>
     <span class='ocr_line' id='line_1_8' title="bbox 69 977 1047 1077; baseline -0.005 -19"><span class='ocrx_word' id='word_1_51' title='bbox 69 997 184 1059; x_wconf 76' lang='lat' dir='ltr'><strong>banuo</strong></span> <span class='ocrx_word' id='word_1_52' title='bbox 198 997 307 1057; x_wconf 83' lang='lat' dir='ltr'><strong>habere</strong></span> <span class='ocrx_word' id='word_1_53' title='bbox 320 993 451 1068; x_wconf 70' lang='lat' dir='ltr'><strong>uerbum,</strong></span> <span class='ocrx_word' id='word_1_54' title='bbox 467 1003 497 1056; x_wconf 87' lang='lat' dir='ltr'><strong>et</strong></span> <span class='ocrx_word' id='word_1_55' title='bbox 507 1014 675 1077; x_wconf 77' lang='lat' dir='ltr'><strong>agnoscere,</strong></span> <span class='ocrx_word' id='word_1_56' title='bbox 690 1002 832 1072; x_wconf 86' lang='lat' dir='ltr'><strong>quantum</strong></span> <span class='ocrx_word' id='word_1_57' title='bbox 845 999 887 1056; x_wconf 89' lang='lat' dir='ltr'><strong>sit</strong></span> <span class='ocrx_word' id='word_1_58' title='bbox 897 997 997 1055; x_wconf 77' lang='lat' dir='ltr'><strong>donum.</strong></span> <span class='ocrx_word' id='word_1_59' title='bbox 1046 977 1047 985; x_wconf 8' lang='grc' dir='ltr'>ἵ</span> 
     </span>
     <span class='ocr_line' id='line_1_9' title="bbox 132 1090 998 1175; baseline -0.005 -18"><span class='ocrx_word' id='word_1_60' title='bbox 132 1098 237 1157; x_wconf 64' lang='grc' dir='ltr'><strong>Δῐίιιιιε</strong></span> <span class='ocrx_word' id='word_1_61' title='bbox 257 1098 374 1173; x_wconf 89' lang='lat' dir='ltr'><strong>quidam</strong></span> <span class='ocrx_word' id='word_1_62' title='bbox 395 1114 502 1175; x_wconf 75' lang='lat' dir='ltr'><strong>magna</strong></span> <span class='ocrx_word' id='word_1_63' title='bbox 522 1099 607 1175; x_wconf 89' lang='lat' dir='ltr'><strong>copia</strong></span> <span class='ocrx_word' id='word_1_64' title='bbox 627 1090 798 1156; x_wconf 85' lang='lat' dir='ltr'><strong>obtruditur</strong></span> <span class='ocrx_word' id='word_1_65' title='bbox 816 1095 940 1168; x_wconf 88' lang='lat' dir='ltr'><strong>rnuudo,</strong></span> <span class='ocrx_word' id='word_1_66' title='bbox 958 1094 998 1153; x_wconf 84' lang='lat' dir='ltr'><strong>do·</strong></span> 
     </span>
     <span class='ocr_line' id='line_1_10' title="bbox 72 1194 999 1275; baseline -0.009 -16"><span class='ocrx_word' id='word_1_67' title='bbox 72 1203 158 1259; x_wconf 83' lang='lat' dir='ltr'><strong>uetur</strong></span> <span class='ocrx_word' id='word_1_68' title='bbox 186 1200 217 1257; x_wconf 92' lang='lat' dir='ltr'><strong>in</strong></span> <span class='ocrx_word' id='word_1_69' title='bbox 245 1197 380 1275; x_wconf 88' lang='lat' dir='ltr'><strong>templis,</strong></span> <span class='ocrx_word' id='word_1_70' title='bbox 421 1197 561 1255; x_wconf 73' lang='lat' dir='ltr'><strong>scribitur</strong></span> <span class='ocrx_word' id='word_1_71' title='bbox 589 1198 618 1253; x_wconf 92' lang='lat' dir='ltr'><strong>in</strong></span> <span class='ocrx_word' id='word_1_72' title='bbox 647 1197 746 1267; x_wconf 88' lang='lat' dir='ltr'><strong>libris,</strong></span> <span class='ocrx_word' id='word_1_73' title='bbox 781 1194 999 1275; x_wconf 84' lang='lat' dir='ltr'><strong>proponiturin</strong></span> 
     </span>
     <span class='ocr_line' id='line_1_11' title="bbox 71 1288 1000 1378; baseline -0.008 -20"><span class='ocrx_word' id='word_1_74' title='bbox 71 1298 193 1378; x_wconf 83' lang='lat' dir='ltr'><strong>psalmis</strong></span> <span class='ocrx_word' id='word_1_75' title='bbox 217 1302 248 1356; x_wconf 87' lang='lat' dir='ltr'><strong>et</strong></span> <span class='ocrx_word' id='word_1_76' title='bbox 268 1296 405 1366; x_wconf 85' lang='lat' dir='ltr'><strong>canticis,</strong></span> <span class='ocrx_word' id='word_1_77' title='bbox 428 1296 515 1353; x_wconf 86' lang='lat' dir='ltr'><strong>otiam</strong></span> <span class='ocrx_word' id='word_1_78' title='bbox 536 1296 566 1352; x_wconf 91' lang='lat' dir='ltr'><strong>iu</strong></span> <span class='ocrx_word' id='word_1_79' title='bbox 587 1295 932 1373; x_wconf 75' lang='lat' dir='ltr'><strong>parietibus···pingiiur,</strong></span> <span class='ocrx_word' id='word_1_80' title='bbox 957 1288 1000 1351; x_wconf 77' lang='lat' dir='ltr'><strong>sol</strong></span> 
     </span>
     <span class='ocr_line' id='line_1_12' title="bbox 72 1392 999 1475; baseline -0.006 -19"><span class='ocrx_word' id='word_1_81' title='bbox 72 1397 144 1474; x_wconf 90' lang='lat' dir='ltr'><strong>quid</strong></span> <span class='ocrx_word' id='word_1_82' title='bbox 169 1395 222 1456; x_wconf 86' lang='lat' dir='ltr'><strong>liti</strong></span> <span class='ocrx_word' id='word_1_83' title='bbox 250 1395 442 1475; x_wconf 74' lang='lat' dir='ltr'><strong>Magistratus</strong></span> <span class='ocrx_word' id='word_1_84' title='bbox 469 1397 633 1473; x_wconf 87' lang='lat' dir='ltr'><strong>occupatur</strong></span> <span class='ocrx_word' id='word_1_85' title='bbox 661 1395 741 1464; x_wconf 87' lang='lat' dir='ltr'><strong>aliis,</strong></span> <span class='ocrx_word' id='word_1_86' title='bbox 765 1399 801 1453; x_wconf 74' lang='lat' dir='ltr'><strong>&#39;et</strong></span> <span class='ocrx_word' id='word_1_87' title='bbox 831 1392 912 1453; x_wconf 83' lang='lat' dir='ltr'><strong>ridet</strong></span> <span class='ocrx_word' id='word_1_88' title='bbox 937 1393 999 1451; x_wconf 81' lang='lat' dir='ltr'><strong>hanc</strong></span> 
     </span>
     <span class='ocr_line' id='line_1_13' title="bbox 70 1493 1000 1573; baseline -0.009 -16"><span class='ocrx_word' id='word_1_89' title='bbox 70 1502 202 1557; x_wconf 88' lang='lat' dir='ltr'><strong>nostram</strong></span> <span class='ocrx_word' id='word_1_90' title='bbox 238 1495 392 1557; x_wconf 88' lang='lat' dir='ltr'><strong>sollicitam</strong></span> <span class='ocrx_word' id='word_1_91' title='bbox 421 1514 521 1554; x_wconf 82' lang='lat' dir='ltr'><strong>curcur</strong></span> <span class='ocrx_word' id='word_1_92' title='bbox 548 1494 732 1573; x_wconf 75' lang='lat' dir='ltr'><strong>propagandi</strong></span> <span class='ocrx_word' id='word_1_93' title='bbox 757 1495 860 1561; x_wconf 84' lang='lat' dir='ltr'><strong>verbi,</strong></span> <span class='ocrx_word' id='word_1_94' title='bbox 891 1493 1000 1553; x_wconf 82' lang='lat' dir='ltr'><strong>mariun</strong></span> 
     </span>
     <span class='ocr_line' id='line_1_14' title="bbox 69 1594 1001 1678; baseline -0.004 -22"><span class='ocrx_word' id='word_1_95' title='bbox 69 1614 142 1678; x_wconf 87' lang='lat' dir='ltr'><strong>pars</strong></span> <span class='ocrx_word' id='word_1_96' title='bbox 162 1598 328 1676; x_wconf 83' lang='lat' dir='ltr'><strong>principum</strong></span> <span class='ocrx_word' id='word_1_97' title='bbox 359 1599 390 1654; x_wconf 86' lang='lat' dir='ltr'><strong>ot</strong></span> <span class='ocrx_word' id='word_1_98' title='bbox 415 1612 519 1673; x_wconf 82' lang='lat' dir='ltr'><strong>regum</strong></span> <span class='ocrx_word' id='word_1_99' title='bbox 547 1594 635 1673; x_wconf 89' lang='lat' dir='ltr'><strong>impie</strong></span> <span class='ocrx_word' id='word_1_100' title='bbox 663 1597 888 1672; x_wconf 87' lang='lat' dir='ltr'><strong>persequuntur</strong></span> <span class='ocrx_word' id='word_1_101' title='bbox 908 1598 938 1652; x_wconf 86' lang='lat' dir='ltr'><strong>et</strong></span> <span class='ocrx_word' id='word_1_102' title='bbox 963 1610 1001 1651; x_wconf 80' lang='lat' dir='ltr'><strong>ex·</strong></span> 
     </span>
     <span class='ocr_line' id='line_1_15' title="bbox 72 1689 1003 1773; baseline -0.009 -16"><span class='ocrx_word' id='word_1_103' title='bbox 72 1702 241 1770; x_wconf 82' lang='lat' dir='ltr'><strong>sacrantur,</strong></span> <span class='ocrx_word' id='word_1_104' title='bbox 269 1696 347 1755; x_wconf 80' lang='lat' dir='ltr'><strong>cives</strong></span> <span class='ocrx_word' id='word_1_105' title='bbox 369 1694 536 1773; x_wconf 73' lang='lat' dir='ltr'><strong>negligunt,</strong></span> <span class='ocrx_word' id='word_1_106' title='bbox 563 1694 666 1754; x_wconf 84' lang='lat' dir='ltr'><strong>rustici</strong></span> <span class='ocrx_word' id='word_1_107' title='bbox 697 1692 789 1769; x_wconf 76' lang='lat' dir='ltr'><strong>nra-gis</strong></span> <span class='ocrx_word' id='word_1_108' title='bbox 817 1700 920 1752; x_wconf 83' lang='lat' dir='ltr'><strong>amant</strong></span> <span class='ocrx_word' id='word_1_109' title='bbox 947 1689 1003 1751; x_wconf 71' lang='lat' dir='ltr'><strong>loa</strong></span> 
     </span>
     <span class='ocr_line' id='line_1_16' title="bbox 73 1793 1003 1872; baseline -0.005 -16"><span class='ocrx_word' id='word_1_110' title='bbox 73 1798 211 1856; x_wconf 88' lang='lat' dir='ltr'><strong>chimicos</strong></span> <span class='ocrx_word' id='word_1_111' title='bbox 239 1812 357 1863; x_wconf 85' lang='lat' dir='ltr'><strong>numos,</strong></span> <span class='ocrx_word' id='word_1_112' title='bbox 387 1812 475 1870; x_wconf 87' lang='lat' dir='ltr'><strong>quarn</strong></span> <span class='ocrx_word' id='word_1_113' title='bbox 502 1811 601 1852; x_wconf 89' lang='lat' dir='ltr'><strong>omnes</strong></span> <span class='ocrx_word' id='word_1_114' title='bbox 626 1793 780 1851; x_wconf 80' lang='lat' dir='ltr'><strong>conciones</strong></span> <span class='ocrx_word' id='word_1_115' title='bbox 809 1797 842 1851; x_wconf 85' lang='lat' dir='ltr'><strong>ct</strong></span> <span class='ocrx_word' id='word_1_116' title='bbox 867 1798 1003 1872; x_wconf 78' lang='lat' dir='ltr'><strong>pastores,</strong></span> 
     </span>
     <span class='ocr_line' id='line_1_17' title="bbox 73 1890 1005 1972; baseline -0.005 -18"><span class='ocrx_word' id='word_1_117' title='bbox 73 1912 126 1954; x_wconf 92' lang='lat' dir='ltr'><strong>uos</strong></span> <span class='ocrx_word' id='word_1_118' title='bbox 148 1896 205 1972; x_wconf 92' lang='lat' dir='ltr'><strong>ipsi</strong></span> <span class='ocrx_word' id='word_1_119' title='bbox 227 1893 353 1968; x_wconf 86' lang='lat' dir='ltr'><strong>denique</strong></span> <span class='ocrx_word' id='word_1_120' title='bbox 374 1894 533 1952; x_wconf 82' lang='lat' dir='ltr'><strong>stertimus.</strong></span> <span class='ocrx_word' id='word_1_121' title='bbox 574 1892 658 1950; x_wconf 85' lang='lat' dir='ltr'><strong>llaec</strong></span> <span class='ocrx_word' id='word_1_122' title='bbox 678 1910 716 1950; x_wconf 90' lang='lat' dir='ltr'><strong>an</strong></span> <span class='ocrx_word' id='word_1_123' title='bbox 739 1895 831 1970; x_wconf 85' lang='lat' dir='ltr'><strong>putas</strong></span> <span class='ocrx_word' id='word_1_124' title='bbox 858 1891 924 1953; x_wconf 85' lang='lat' dir='ltr'><strong>Deo</strong></span> <span class='ocrx_word' id='word_1_125' title='bbox 950 1890 1005 1971; x_wconf 84' lang='lat' dir='ltr'><strong>pls·</strong></span> 
     </span>
     <span class='ocr_line' id='line_1_18' title="bbox 74 1988 1047 2089; baseline -0.006 -36"><span class='ocrx_word' id='word_1_126' title='bbox 74 2012 142 2054; x_wconf 89' lang='lat' dir='ltr'><strong>cere</strong></span> <span class='ocrx_word' id='word_1_127' title='bbox 162 2010 251 2071; x_wconf 85' lang='lat' dir='ltr'><strong>posse</strong></span> <span class='ocrx_word' id='word_1_128' title='bbox 267 1988 342 2065; x_wconf 59' lang='grc' dir='ltr'><strong>ΝΠ</strong></span> <span class='ocrx_word' id='word_1_129' title='bbox 370 1991 442 2049; x_wconf 83' lang='lat' dir='ltr'><strong>Post</strong></span> <span class='ocrx_word' id='word_1_130' title='bbox 470 2010 536 2050; x_wconf 89' lang='lat' dir='ltr'><strong>curn</strong></span> <span class='ocrx_word' id='word_1_131' title='bbox 564 1992 725 2069; x_wconf 88' lang='lat' dir='ltr'><strong>premimur</strong></span> <span class='ocrx_word' id='word_1_132' title='bbox 746 2008 765 2049; x_wconf 88' lang='lat' dir='ltr'><strong>a</strong></span> <span class='ocrx_word' id='word_1_133' title='bbox 788 1988 921 2063; x_wconf 74' lang='lat' dir='ltr'><strong>Tamis,</strong></span> <span class='ocrx_word' id='word_1_134' title='bbox 948 2006 1005 2050; x_wconf 87' lang='lat' dir='ltr'><strong>cun</strong></span> <span class='ocrx_word' id='word_1_135' title='bbox 1045 2025 1047 2089; x_wconf 58' lang='lat' dir='ltr'>i</span> 
     </span>
     <span class='ocr_line' id='line_1_19' title="bbox 74 2089 1005 2166; baseline -0.006 -14"><span class='ocrx_word' id='word_1_136' title='bbox 74 2107 208 2152; x_wconf 84' lang='lat' dir='ltr'><strong>annonae</strong></span> <span class='ocrx_word' id='word_1_137' title='bbox 228 2091 335 2149; x_wconf 85' lang='lat' dir='ltr'><strong>caritas</strong></span> <span class='ocrx_word' id='word_1_138' title='bbox 357 2093 408 2148; x_wconf 87' lang='lat' dir='ltr'><strong>aut</strong></span> <span class='ocrx_word' id='word_1_139' title='bbox 429 2089 572 2148; x_wconf 87' lang='lat' dir='ltr'><strong>bellorum</strong></span> <span class='ocrx_word' id='word_1_140' title='bbox 599 2095 696 2149; x_wconf 80' lang='lat' dir='ltr'><strong>uictus</strong></span> <span class='ocrx_word' id='word_1_141' title='bbox 724 2093 784 2160; x_wconf 86' lang='lat' dir='ltr'><strong>est,</strong></span> <span class='ocrx_word' id='word_1_142' title='bbox 811 2090 1005 2166; x_wconf 88' lang='lat' dir='ltr'><strong>querulamur.</strong></span> 
     </span>
     <span class='ocr_line' id='line_1_20' title="bbox 72 2184 1047 2269; baseline -0.004 -18"><span class='ocrx_word' id='word_1_143' title='bbox 72 2184 153 2251; x_wconf 76' lang='lat' dir='ltr'><strong>Sunt</strong></span> <span class='ocrx_word' id='word_1_144' title='bbox 173 2209 244 2249; x_wconf 86' lang='lat' dir='ltr'><strong>sane</strong></span> <span class='ocrx_word' id='word_1_145' title='bbox 264 2191 335 2249; x_wconf 86' lang='lat' dir='ltr'><strong>satis</strong></span> <span class='ocrx_word' id='word_1_146' title='bbox 362 2207 469 2267; x_wconf 83' lang='lat' dir='ltr'><strong>magna</strong></span> <span class='ocrx_word' id='word_1_147' title='bbox 496 2187 587 2256; x_wconf 87' lang='lat' dir='ltr'><strong>mala,</strong></span> <span class='ocrx_word' id='word_1_148' title='bbox 618 2190 725 2265; x_wconf 88' lang='lat' dir='ltr'><strong>quibus</strong></span> <span class='ocrx_word' id='word_1_149' title='bbox 753 2188 841 2248; x_wconf 87' lang='lat' dir='ltr'><strong>hodie</strong></span> <span class='ocrx_word' id='word_1_150' title='bbox 869 2192 1008 2269; x_wconf 84' lang='lat' dir='ltr'><strong>premitur</strong></span> <span class='ocrx_word' id='word_1_151' title='bbox 1043 2232 1047 2239; x_wconf 83' lang='lat'>.</span> 
     </span>
     <span class='ocr_line' id='line_1_21' title="bbox 72 2285 1008 2368; baseline -0.003 -19"><span class='ocrx_word' id='word_1_152' title='bbox 72 2290 220 2361; x_wconf 84' lang='lat' dir='ltr'><strong>muudus,</strong></span> <span class='ocrx_word' id='word_1_153' title='bbox 246 2288 299 2347; x_wconf 87' lang='lat' dir='ltr'><strong>sed</strong></span> <span class='ocrx_word' id='word_1_154' title='bbox 326 2288 398 2365; x_wconf 91' lang='lat' dir='ltr'><strong>quid</strong></span> <span class='ocrx_word' id='word_1_155' title='bbox 419 2287 547 2347; x_wconf 86' lang='lat' dir='ltr'><strong>suntad</strong></span> <span class='ocrx_word' id='word_1_156' title='bbox 573 2288 642 2356; x_wconf 91' lang='lat' dir='ltr'><strong>boc,</strong></span> <span class='ocrx_word' id='word_1_157' title='bbox 674 2287 753 2364; x_wconf 88' lang='lat' dir='ltr'><strong>quod</strong></span> <span class='ocrx_word' id='word_1_158' title='bbox 782 2289 933 2368; x_wconf 78' lang='lat' dir='ltr'><strong>cmciligis</strong></span> <span class='ocrx_word' id='word_1_159' title='bbox 959 2285 1008 2348; x_wconf 79' lang='lat' dir='ltr'><strong>liei</strong></span> 
     </span>
     <span class='ocr_line' id='line_1_22' title="bbox 40 2386 1009 2468; baseline -0.003 -19"><span class='ocrx_word' id='word_1_160' title='bbox 40 2442 44 2450; x_wconf 88' lang='lat'><em>.</em></span> <span class='ocrx_word' id='word_1_161' title='bbox 72 2390 173 2464; x_wconf 90' lang='lat' dir='ltr'><strong>lilium,</strong></span> <span class='ocrx_word' id='word_1_162' title='bbox 195 2394 225 2450; x_wconf 86' lang='lat' dir='ltr'><strong>et</strong></span> <span class='ocrx_word' id='word_1_163' title='bbox 246 2389 384 2468; x_wconf 85' lang='lat' dir='ltr'><strong>conspuis</strong></span> <span class='ocrx_word' id='word_1_164' title='bbox 405 2387 579 2448; x_wconf 80' lang='lat' dir='ltr'><strong>salvatorem</strong></span> <span class='ocrx_word' id='word_1_165' title='bbox 598 2393 680 2447; x_wconf 91' lang='lat' dir='ltr'><strong>tuum</strong></span> <span class='ocrx_word' id='word_1_166' title='bbox 695 2388 880 2446; x_wconf 85' lang='lat' dir='ltr'><strong>securissimo</strong></span> <span class='ocrx_word' id='word_1_167' title='bbox 896 2386 1009 2446; x_wconf 87' lang='lat' dir='ltr'><strong>animal</strong></span> 
     </span>
     <span class='ocr_line' id='line_1_23' title="bbox 73 2485 1012 2567; baseline -0.001 -19"><span class='ocrx_word' id='word_1_168' title='bbox 73 2490 155 2557; x_wconf 76' lang='lat' dir='ltr'><strong>auid</strong></span> <span class='ocrx_word' id='word_1_169' title='bbox 176 2490 252 2549; x_wconf 88' lang='lat' dir='ltr'><strong>enim</strong></span> <span class='ocrx_word' id='word_1_170' title='bbox 273 2494 319 2548; x_wconf 89' lang='lat' dir='ltr'><strong>est</strong></span> <span class='ocrx_word' id='word_1_171' title='bbox 340 2488 421 2547; x_wconf 90' lang='lat' dir='ltr'><strong>aliud</strong></span> <span class='ocrx_word' id='word_1_172' title='bbox 442 2504 530 2565; x_wconf 87' lang='lat' dir='ltr'><strong>quam</strong></span> <span class='ocrx_word' id='word_1_173' title='bbox 549 2488 670 2546; x_wconf 81' lang='lat' dir='ltr'><strong>verbum</strong></span> <span class='ocrx_word' id='word_1_174' title='bbox 691 2486 761 2557; x_wconf 86' lang='lat' dir='ltr'><strong>Dei,</strong></span> <span class='ocrx_word' id='word_1_175' title='bbox 789 2485 868 2562; x_wconf 90' lang='lat' dir='ltr'><strong>quod</strong></span> <span class='ocrx_word' id='word_1_176' title='bbox 890 2494 1012 2567; x_wconf 80' lang='lat' dir='ltr'><strong>propter</strong></span> 
     </span>
     <span class='ocr_line' id='line_1_24' title="bbox 73 2585 1011 2667; baseline -0.005 -17"><span class='ocrx_word' id='word_1_177' title='bbox 73 2590 199 2650; x_wconf 85' lang='lat' dir='ltr'><strong>salutem</strong></span> <span class='ocrx_word' id='word_1_178' title='bbox 220 2592 301 2647; x_wconf 88' lang='lat' dir='ltr'><strong>tuam</strong></span> <span class='ocrx_word' id='word_1_179' title='bbox 319 2589 469 2650; x_wconf 83' lang='lat' dir='ltr'><strong>revelatur</strong></span> <span class='ocrx_word' id='word_1_180' title='bbox 489 2592 520 2649; x_wconf 86' lang='lat' dir='ltr'><strong>at</strong></span> <span class='ocrx_word' id='word_1_181' title='bbox 541 2586 673 2656; x_wconf 81' lang='lat' dir='ltr'><strong>offertur,</strong></span> <span class='ocrx_word' id='word_1_182' title='bbox 694 2585 1011 2667; x_wconf 77' lang='lat' dir='ltr'><strong>irreligiosaaccipcrc,</strong></span> 
     </span>
     <span class='ocr_line' id='line_1_25' title="bbox 74 2683 1012 2767; baseline -0.003 -20"><span class='ocrx_word' id='word_1_183' title='bbox 74 2692 105 2747; x_wconf 86' lang='lat' dir='ltr'><strong>et</strong></span> <span class='ocrx_word' id='word_1_184' title='bbox 125 2685 276 2766; x_wconf 80' lang='lat' dir='ltr'><strong>praeferre</strong></span> <span class='ocrx_word' id='word_1_185' title='bbox 295 2703 417 2765; x_wconf 87' lang='lat' dir='ltr'><strong>pacem,</strong></span> <span class='ocrx_word' id='word_1_186' title='bbox 444 2688 599 2767; x_wconf 88' lang='lat' dir='ltr'><strong>pecuniam</strong></span> <span class='ocrx_word' id='word_1_187' title='bbox 620 2688 650 2744; x_wconf 83' lang='lat' dir='ltr'><strong>cl</strong></span> <span class='ocrx_word' id='word_1_188' title='bbox 671 2685 728 2743; x_wconf 87' lang='lat' dir='ltr'><strong>alia</strong></span> <span class='ocrx_word' id='word_1_189' title='bbox 748 2683 895 2745; x_wconf 86' lang='lat' dir='ltr'><strong>levissima</strong></span> <span class='ocrx_word' id='word_1_190' title='bbox 923 2687 1012 2765; x_wconf 86' lang='lat' dir='ltr'><strong>bajus</strong></span> 
     </span>
     <span class='ocr_line' id='line_1_26' title="bbox 71 2782 1012 2861; baseline 0.003 -17"><span class='ocrx_word' id='word_1_191' title='bbox 71 2785 150 2845; x_wconf 84' lang='lat' dir='ltr'><strong>vitae</strong></span> <span class='ocrx_word' id='word_1_192' title='bbox 187 2782 360 2844; x_wconf 76' lang='lat' dir='ltr'><strong>commodat</strong></span> <span class='ocrx_word' id='word_1_193' title='bbox 395 2783 462 2846; x_wconf 83' lang='lat' dir='ltr'><strong>Hoc</strong></span> <span class='ocrx_word' id='word_1_194' title='bbox 488 2787 540 2861; x_wconf 86' lang='lat' dir='ltr'><strong>qui</strong></span> <span class='ocrx_word' id='word_1_195' title='bbox 566 2785 692 2856; x_wconf 84' lang='lat' dir='ltr'><strong>iaciunt,</strong></span> <span class='ocrx_word' id='word_1_196' title='bbox 722 2787 753 2843; x_wconf 84' lang='lat' dir='ltr'><strong>ei</strong></span> <span class='ocrx_word' id='word_1_197' title='bbox 779 2790 878 2844; x_wconf 81' lang='lat' dir='ltr'><strong>tamen</strong></span> <span class='ocrx_word' id='word_1_198' title='bbox 907 2804 1012 2847; x_wconf 87' lang='lat' dir='ltr'><strong>securo</strong></span> 
     </span>
     <span class='ocr_line' id='line_1_27' title="bbox 72 2882 1013 2964; baseline 0.003 -22"><span class='ocrx_word' id='word_1_199' title='bbox 72 2886 169 2943; x_wconf 83' lang='lat' dir='ltr'><strong>auimo</strong></span> <span class='ocrx_word' id='word_1_200' title='bbox 205 2887 321 2944; x_wconf 85' lang='lat' dir='ltr'><strong>tanturn</strong></span> <span class='ocrx_word' id='word_1_201' title='bbox 352 2889 508 2963; x_wconf 88' lang='lat' dir='ltr'><strong>peccatum</strong></span> <span class='ocrx_word' id='word_1_202' title='bbox 541 2883 710 2964; x_wconf 74' lang='lat' dir='ltr'><strong>negligunt,</strong></span> <span class='ocrx_word' id='word_1_203' title='bbox 744 2882 897 2963; x_wconf 72' lang='lat' dir='ltr'><strong>negligant</strong></span> <span class='ocrx_word' id='word_1_204' title='bbox 926 2886 1013 2945; x_wconf 83' lang='lat' dir='ltr'><strong>ctiam</strong></span> 
     </span>
     <span class='ocr_line' id='line_1_28' title="bbox 72 2980 1015 3063; baseline 0.008 -25"><span class='ocrx_word' id='word_1_205' title='bbox 72 2996 216 3060; x_wconf 85' lang='lat' dir='ltr'><strong>poenam,</strong></span> <span class='ocrx_word' id='word_1_206' title='bbox 238 2981 317 3058; x_wconf 89' lang='lat' dir='ltr'><strong>quod</strong></span> <span class='ocrx_word' id='word_1_207' title='bbox 338 2988 492 3041; x_wconf 70' lang='lat' dir='ltr'><strong>amiantus</strong></span> <span class='ocrx_word' id='word_1_208' title='bbox 513 3000 532 3039; x_wconf 88' lang='lat' dir='ltr'><strong>a</strong></span> <span class='ocrx_word' id='word_1_209' title='bbox 552 2980 671 3053; x_wconf 84' lang='lat' dir='ltr'><strong>Turca,</strong></span> <span class='ocrx_word' id='word_1_210' title='bbox 699 2983 865 3063; x_wconf 84' lang='lat' dir='ltr'><strong>spoliantur</strong></span> <span class='ocrx_word' id='word_1_211' title='bbox 884 2987 917 3045; x_wconf 85' lang='lat' dir='ltr'><strong>ot</strong></span> <span class='ocrx_word' id='word_1_212' title='bbox 938 2986 1015 3045; x_wconf 83' lang='lat' dir='ltr'><strong>occl-</strong></span> 
     </span>
     <span class='ocr_line' id='line_1_29' title="bbox 71 3078 1013 3160; baseline 0.008 -23"><span class='ocrx_word' id='word_1_213' title='bbox 71 3078 194 3139; x_wconf 90' lang='lat' dir='ltr'><strong>duutur.</strong></span> <span class='ocrx_word' id='word_1_214' title='bbox 236 3080 297 3139; x_wconf 86' lang='lat' dir='ltr'><strong>Sed</strong></span> <span class='ocrx_word' id='word_1_215' title='bbox 323 3078 380 3139; x_wconf 90' lang='lat' dir='ltr'><strong>hoc</strong></span> <span class='ocrx_word' id='word_1_216' title='bbox 401 3097 459 3138; x_wconf 91' lang='lat' dir='ltr'><strong>nou</strong></span> <span class='ocrx_word' id='word_1_217' title='bbox 478 3078 616 3153; x_wconf 85' lang='lat' dir='ltr'><strong>iaclruus,</strong></span> <span class='ocrx_word' id='word_1_218' title='bbox 649 3089 751 3142; x_wconf 90' lang='lat' dir='ltr'><strong>nostra</strong></span> <span class='ocrx_word' id='word_1_219' title='bbox 770 3080 906 3160; x_wconf 84' lang='lat' dir='ltr'><strong>pericula</strong></span> <span class='ocrx_word' id='word_1_220' title='bbox 925 3082 1013 3145; x_wconf 80' lang='lat' dir='ltr'><strong>valde</strong></span> 
     </span>
     <span class='ocr_line' id='line_1_30' title="bbox 70 3174 1014 3265; baseline 0.008 -29"><span class='ocrx_word' id='word_1_221' title='bbox 70 3174 302 3256; x_wconf 71' lang='lat' dir='ltr'><strong>amplificamuse</strong></span> <span class='ocrx_word' id='word_1_222' title='bbox 329 3195 383 3237; x_wconf 86' lang='lat' dir='ltr'><strong>cur</strong></span> <span class='ocrx_word' id='word_1_223' title='bbox 403 3176 493 3255; x_wconf 72' lang='lat' dir='ltr'><strong>igitur</strong></span> <span class='ocrx_word' id='word_1_224' title='bbox 512 3194 571 3237; x_wconf 89' lang='lat' dir='ltr'><strong>uon</strong></span> <span class='ocrx_word' id='word_1_225' title='bbox 593 3181 680 3239; x_wconf 84' lang='lat' dir='ltr'><strong>otiam</strong></span> <span class='ocrx_word' id='word_1_226' title='bbox 701 3180 912 3259; x_wconf 87' lang='lat' dir='ltr'><strong>amplificamus</strong></span> <span class='ocrx_word' id='word_1_227' title='bbox 934 3185 1014 3265; x_wconf 83' lang='lat' dir='ltr'><strong>peri·</strong></span> 
     </span>
     <span class='ocr_line' id='line_1_31' title="bbox 70 3275 1014 3358; baseline 0.006 -21"><span class='ocrx_word' id='word_1_228' title='bbox 70 3275 140 3337; x_wconf 76' lang='lat' dir='ltr'><strong>cula</strong></span> <span class='ocrx_word' id='word_1_229' title='bbox 158 3277 245 3355; x_wconf 69' lang='lat' dir='ltr'><strong>regni</strong></span> <span class='ocrx_word' id='word_1_230' title='bbox 264 3276 340 3338; x_wconf 76' lang='lat' dir='ltr'><strong>Deli</strong></span> <span class='ocrx_word' id='word_1_231' title='bbox 370 3276 432 3335; x_wconf 82' lang='lat' dir='ltr'><strong>Cur</strong></span> <span class='ocrx_word' id='word_1_232' title='bbox 452 3292 511 3335; x_wconf 85' lang='lat' dir='ltr'><strong>nou</strong></span> <span class='ocrx_word' id='word_1_233' title='bbox 531 3278 618 3337; x_wconf 85' lang='lat' dir='ltr'><strong>etiam</strong></span> <span class='ocrx_word' id='word_1_234' title='bbox 639 3279 789 3358; x_wconf 87' lang='lat' dir='ltr'><strong>ploramus</strong></span> <span class='ocrx_word' id='word_1_235' title='bbox 810 3280 841 3339; x_wconf 91' lang='lat' dir='ltr'><strong>iu</strong></span> <span class='ocrx_word' id='word_1_236' title='bbox 861 3286 1014 3343; x_wconf 86' lang='lat' dir='ltr'><strong>contemtu</strong></span> 
     </span>
     <span class='ocr_line' id='line_1_32' title="bbox 70 3372 1013 3454; baseline 0.01 -21"><span class='ocrx_word' id='word_1_237' title='bbox 70 3374 168 3447; x_wconf 82' lang='lat' dir='ltr'><strong>verbi,</strong></span> <span class='ocrx_word' id='word_1_238' title='bbox 194 3374 272 3434; x_wconf 86' lang='lat' dir='ltr'><strong>sieut</strong></span> <span class='ocrx_word' id='word_1_239' title='bbox 299 3372 451 3454; x_wconf 86' lang='lat' dir='ltr'><strong>ploramus</strong></span> <span class='ocrx_word' id='word_1_240' title='bbox 478 3376 515 3435; x_wconf 92' lang='lat' dir='ltr'><strong>ob</strong></span> <span class='ocrx_word' id='word_1_241' title='bbox 542 3374 663 3437; x_wconf 72' lang='lat' dir='ltr'><strong>Tuscae</strong></span> <span class='ocrx_word' id='word_1_242' title='bbox 692 3378 900 3454; x_wconf 80' lang='lat' dir='ltr'><strong>tyrannideml</strong></span> <span class='ocrx_word' id='word_1_243' title='bbox 938 3383 1013 3442; x_wconf 81' lang='lat' dir='ltr'><strong>Nam</strong></span> 
     </span>
     <span class='ocr_line' id='line_1_33' title="bbox 69 3470 1013 3556; baseline 0.011 -23"><span class='ocrx_word' id='word_1_244' title='bbox 69 3473 126 3533; x_wconf 88' lang='lat' dir='ltr'><strong>boc</strong></span> <span class='ocrx_word' id='word_1_245' title='bbox 146 3470 297 3533; x_wconf 80' lang='lat' dir='ltr'><strong>delinitum</strong></span> <span class='ocrx_word' id='word_1_246' title='bbox 317 3477 378 3544; x_wconf 85' lang='lat' dir='ltr'><strong>est,</strong></span> <span class='ocrx_word' id='word_1_247' title='bbox 399 3476 435 3533; x_wconf 89' lang='lat' dir='ltr'><strong>ut</strong></span> <span class='ocrx_word' id='word_1_248' title='bbox 452 3478 577 3552; x_wconf 80' lang='lat' dir='ltr'><strong>peccatu</strong></span> <span class='ocrx_word' id='word_1_249' title='bbox 598 3476 695 3536; x_wconf 86' lang='lat' dir='ltr'><strong>lerant</strong></span> <span class='ocrx_word' id='word_1_250' title='bbox 715 3480 894 3556; x_wconf 89' lang='lat' dir='ltr'><strong>stipendium</strong></span> <span class='ocrx_word' id='word_1_251' title='bbox 914 3498 1013 3542; x_wconf 72' lang='lat' dir='ltr'><strong>suum,</strong></span> 
     </span>
     <span class='ocr_line' id='line_1_34' title="bbox 68 3570 1016 3657; baseline -0.005 -24"><span class='ocrx_word' id='word_1_252' title='bbox 68 3576 194 3633; x_wconf 83' lang='lat' dir='ltr'><strong>mortem</strong></span> <span class='ocrx_word' id='word_1_253' title='bbox 214 3576 244 3632; x_wconf 86' lang='lat' dir='ltr'><strong>et</strong></span> <span class='ocrx_word' id='word_1_254' title='bbox 265 3570 338 3632; x_wconf 91' lang='lat' dir='ltr'><strong>uliss</strong></span> <span class='ocrx_word' id='word_1_255' title='bbox 358 3589 487 3651; x_wconf 85' lang='lat' dir='ltr'><strong>poenos,</strong></span> <span class='ocrx_word' id='word_1_256' title='bbox 509 3590 583 3650; x_wconf 84' lang='lat' dir='ltr'><strong>quas</strong></span> <span class='ocrx_word' id='word_1_257' title='bbox 605 3573 688 3634; x_wconf 85' lang='lat' dir='ltr'><strong>Deus</strong></span> <span class='ocrx_word' id='word_1_258' title='bbox 708 3576 821 3657; x_wconf 71' lang='lat' dir='ltr'><strong>infligit.</strong></span> <span class='ocrx_word' id='word_1_259' title='bbox 866 3582 917 3642; x_wconf 89' lang='lat' dir='ltr'><strong>Sic</strong></span> <span class='ocrx_word' id='word_1_260' title='bbox 933 3583 1016 3643; x_wconf 87' lang='lat' dir='ltr'><strong>Pau.</strong></span> 
     </span>
    </p>
   </div>
   <div class='ocr_carea' id='block_1_3' title="bbox 72 3662 269 3683">
    <p class='ocr_par' dir='ltr' id='par_1_3' title="bbox 72 3662 269 3683">
     <span class='ocr_line' id='line_1_35' title="bbox 72 3662 269 3683; baseline -0.01 -4"><span class='ocrx_word' id='word_1_261' title='bbox 72 3662 269 3683; x_wconf 53' lang='lat' dir='ltr'>w</span> 
     </span>
    </p>
   </div>
   <div class='ocr_carea' id='block_1_4' title="bbox 142 3682 902 3759">
    <p class='ocr_par' dir='ltr' id='par_1_4' title="bbox 142 3682 902 3759">
     <span class='ocr_line' id='line_1_36' title="bbox 142 3682 902 3759; baseline 0.007 -15"><span class='ocrx_word' id='word_1_262' title='bbox 142 3686 194 3758; x_wconf 80' lang='lat' dir='ltr'><strong>la)</strong></span> <span class='ocrx_word' id='word_1_263' title='bbox 210 3682 323 3741; x_wconf 81' lang='lat' dir='ltr'><strong>l&#39;ueuas</strong></span> <span class='ocrx_word' id='word_1_264' title='bbox 343 3692 439 3742; x_wconf 84' lang='lat' dir='ltr'><strong>cartae</strong></span> <span class='ocrx_word' id='word_1_265' title='bbox 458 3693 608 3759; x_wconf 79' lang='lat' dir='ltr'><strong>sequuntur</strong></span> <span class='ocrx_word' id='word_1_266' title='bbox 626 3696 792 3748; x_wconf 84' lang='lat' dir='ltr'><strong>contemtum</strong></span> <span class='ocrx_word' id='word_1_267' title='bbox 811 3695 902 3751; x_wconf 83' lang='lat' dir='ltr'><strong>verbi.</strong></span> 
     </span>
    </p>
   </div>
   <div class='ocr_carea' id='block_1_5' title="bbox 0 0 1100 4064">
    <p class='ocr_par' dir='ltr' id='par_1_5' title="bbox 0 0 1100 4064">
     <span class='ocr_line' id='line_1_37' title="bbox 0 0 1100 4064; baseline 0 0"><span class='ocrx_word' id='word_1_268' title='bbox 0 0 1100 4064; x_wconf 95' lang='lat' dir='ltr'><strong> </strong></span> 
     </span>
    </p>
   </div>
   <div class='ocr_carea' id='block_1_6' title="bbox 271 3975 591 3994">
    <p class='ocr_par' dir='ltr' id='par_1_6' title="bbox 271 3975 591 3994">
     <span class='ocr_line' id='line_1_38' title="bbox 271 3975 591 3994; baseline 0 0"><span class='ocrx_word' id='word_1_269' title='bbox 271 3979 343 3994; x_wconf 67' lang='grc' dir='ltr'><strong>..ιι-ια,</strong></span> <span class='ocrx_word' id='word_1_270' title='bbox 508 3975 591 3994; x_wconf 51' lang='grc' dir='ltr'><strong>Α</strong></span> 
     </span>
    </p>
   </div>
  </div>
 </body>
</html>
