2190 4064
495 136 507 143 .,
576 95 606 148 ἰ

111 277 152 353 ‚tt
212 364 216 373 Ι
262 312 268 321 ·
325 242 328 246 Ι
466 272 702 333 Enarratio

111 428 148 487 lis
168 424 252 487 Deus
285 428 346 495 est,
383 423 479 501 qualis
500 420 606 485 Davidi
636 425 706 497 fuit,
738 423 795 486 hoc
815 430 876 497 est,
906 429 1076 530 ignoscens·

111 529 246 605 peccata,
262 529 298 584 et
318 525 486 584 misericors
506 527 535 583 in
558 544 667 595 omnes,
693 525 743 601 qui
764 525 996 589 misericordiam
1017 526 1065 591 ro-

111 630 192 704 gant,
214 628 245 683 et
264 628 390 703 peccata
411 642 467 683 sua
486 626 662 703 agnoscunt
961 635 964 640 '

159 722 265 783 Huc
284 725 429 802 pertinet,
457 724 538 800 quod
565 714 742 803 repetitione
763 742 817 783 seu
836 727 937 805 potius
958 726 1065 809 ampli·

111 823 249 884 licatioue
270 822 326 883 hac
346 824 391 881 uti
412 823 513 895 voluit,
534 825 569 882 ut
590 825 697 884 addat:
724 824 783 895 „Et
804 825 968 885 secundum
987 826 1083 887 mul·'

55 964 78 995 ·.
109 923 266 984 titudinem
287 920 508 982 miserationum
527 927 647 982 tuarum
661 924 845 1000 iniquitatem
856 929 952 983 meam
967 924 1064 987 dele.“

112 1021 245 1102 Rogavit¹
260 1026 354 1093 antea,
376 1021 505 1082 utDens
526 1011 582 1102 per
601 1020 833 1109 misericordiam
854 1028 972 1084 avertat
992 1034 1063 1087 ocu·

9 1188 12 1195 ,
115 1123 160 1182 los
182 1141 200 1180 a
221 1123 283 1180 suis
299 1123 445 1209 peccatis,
475 1121 532 1181 hoc
558 1126 651 1181 versu'
675 1121 754 1180 idem
781 1123 857 1201 agit,
890 1124 1062 1209 etquidem

30 1218 33 1231 '
75 1248 78 1253 ·
114 1222 226 1299 majore
248 1223 434 1293 contentione
456 1240 491 1280 ac
504 1222 620 1300 spiritu.
663 1218 1087 1303 ApprehenditenimlJuum¹

111 1322 335 1405 promissorem,
368 1325 399 1381 et
420 1324 482 1381 toto
503 1321 614 1379 intuitu
635 1320 732 1379 cordis
749 1320 876 1379 vertitur
897 1321 926 1378 in
946 1322 1080 1381 miseri·

93 1416 250 1492 ‘cordiam
285 1420 365 1497 quod
392 1419 454 1479 non¹
470 1423 581 1499 posset,
603 1416 671 1477 nisi'·
681 1418 802 1496 adjutus
824 1410 940 1498 Spiritu
963 1418 1081 1481 ltcum-

110 1522 333 1601 promittentem
369 1519 631 1602 apprehendisset,
666 1521 696 1577 et
728 1520 819 1578 sciret
850 1518 931 1598 apud
964 1518 1092 1581 Deum·

26 1664 28 1671 ,
116 1602 264 1698 reliquam¹
287 1637 353 1681 esse
374 1638 456 1699 spem
477 1619 657 1678 remissionis
670 1621 862 1696 peccatorum
879 1635 934 1696 pro
954 1631 1062 1697 pecca·

112 1725 239 1793 toribus,
261 1716 339 1781 sicut
357 1721 387 1778 in
408 1719 465 1779 alio
486 1718 600 1798 psalmo
622 1717 707 1777 dicit:
737 1715 846 1796 „Apud
864 1721 897 1793 te
916 1718 1061 1797 propitiu-

113 1824 155 1882 tio
178 1826 233 1891 est,
254 1825 290 1905 pt
311 1819 471 1881 timearis.“
511 1819 576 1876 Non
598 1818 714 1893 quaerit
735 1816 981 1888 satisfactionem,
1002 1828 1062 1889 mm¹

112 1919 271 1999 angulum,
302 1921 333 1976 in
360 1935 418 1992 quo
447 1936 479 1977 se
499 1921 660 1996 praeparet
681 1916 718 1975 ad
740 1918 881 1995 gratiam,
903 1914 957 1974 sed
975 1920 1060 1977 resto

46 2080 49 2086 ,
111 2037 202 2087 eursu
223 2016 320 2075 tendit
339 2015 379 2074 sd
399 2020 591 2094 conspectum
612 2014 682 2086 Dei,
711 2016 799 2076 etad
820 2006 1088 2089 misericordiam,'

110 2137 187 2195 quae
209 2120 254 2175 est
276 2117 302 2175 'ei
323 2121 394 2174 nota
420 2133 479 2173 non
500 2133 535 2173 ex
554 2133 607 2174 suo
635 2114 738 2187 corde,
766 2133 826 2175 non
847 2134 881 2175 ex
901 2106 1061 2175 dictamina

112 2225 214 2309 rectae
235 2216 358 2275 rationis
382 2215 470 2291 (quia
490 2215 566 2273 ratio
587 2216 618 2272 iu
638 2216 770 2295 peccatis
790 2206 982 2292 fugitaDeo,
1004 2200 1077 2275 nau'·

115 2331 148 2375 se
161 2318 268 2395 ,potest
288 2314 425 2374 attollere
447 2315 626 2374 conscientia
646 2316 677 2373 iu
699 2333 762 2373 eam
774 2313 879 2383 lucem,
899 2316 935 2371 nt
949 2312 1088 2385 ,credam

113 2415 256 2492 reliquam
289 2433 354 2473 esse
374 2414 620 2486 misericordiam,
652 2416 794 2493 gratiam,
825 2412 956 2485 favorem
976 2410 1080 2493 apud

75 2514 80 2523 “
109 2515 206 2575 Deum
227 2532 282 2593 pro
302 2515 543 2592 peccatoribus),
576 2514 630 2574 sed
649 2511 851 2572 misericordia
872 2513 965 2581 estol
986 2518 1058 2573 nota
1088 2526 1091 2533 '

109 2634 146 2674 ex
165 2613 416 2693 promissionibus,
438 2632 512 2690 quas
533 2615 644 2689 ubique
663 2612 745 2671 videt
765 2628 895 2689 sparsas,
916 2600 1014 2673 etiam‘
1026 2614 1086 2701 ins

108 2715 258 2793 legem‘et
280 2711 462 2791 decalogum.
489 2713 556 2771 Etsi
577 2714 653 2772 enim
674 2713 714 2769 ibi
734 2708 816 2768 Deus
838 2710 969 2770 minatur
988 2722 1059 2791 peai

111 2815 276 2883 autoribus,
298 2816 397 2871 tamm
418 2812 527 2870 retinet
541 2826 653 2869 'nomen
673 2809 878 2869 misericordis·
891 2808 956 2869 Det
976 2811 1060 2873 idon

109 2916 259 2972 testantur
278 2912 487 2991 promissiones
509 2909 548 2968 ad
568 2908 730 2981 Adamum,
756 2907 957 2969 Abrahamum
979 2914 1037 2971 ete

191 3012 273 3071 ldem
303 3011 388 3070 nobis
414 3012 445 3069 in
465 3010 575 3068 nostris
601 3010 813 3069 tentationibus
836 3012 883 3068 est
901 3012 1084 3087 praestun·'

35 3114 38 3121 '
109 3111 194 3193 dum,
214 3115 263 3180 ut,
285 3110 401 3185 quoties
420 3108 589 3168 mordemur
616 3112 647 3166 et
666 3127 806 3168 vexamur
825 3108 855 3165 in
876 3109 1072 3171 conscientia·

107 3213 233 3289 propter
252 3212 393 3287 peccata,
426 3206 598 3286 simpliciter
619 3226 738 3266 sensnm
758 3212 927 3268 avertamus
947 3227 966 3269 a
986 3226 1057 3289 pau-
1069 3198 1093 3231 '¹

109 3313 185 3379 cato,
207 3311 238 3367 et
258 3307 438 3367 involvamus
459 3325 513 3365 nos
532 3307 562 3365 in
583 3306 679 3364 sinum
699 3305 763 3378 Dei,
785 3308 836 3383 qui
858 3307 1057 3388 diciturgrn·

109 3409 152 3466 tia
173 3394 204 3466 e't
235 3405 454 3476 misericordia,
482 3404 555 3462 nihil
576 3404 763 3475 dubitantes,
797 3407 868 3481 quin
897 3406 996 3484 gratia
1024 3410 1057 3467 at

107 3505 310 3567 misericordia
336 3505 406 3564 velit
433 3505 480 3564 uti·
499 3522 570 3580 erga
596 3505 719 3563 miseros
751 3516 782 3564 et
802 3505 927 3565 alllictos
948 3524 1055 3585 pecuu-

107 3610 204 3675 tores,
228 3606 305 3669 sicut
326 3622 397 3682 erga
417 3602 572 3662 induratos
605 3606 778 3681 peccatores
804 3604 869 3664 vult
889 3606 965 3665 uti
955 3625 1003 3666 rra
1023 3588 1055 3667 e't

100 3706 227 3784 judicio.
247 3704 331 3765 llaec
351 3707 398 3762 est
416 3719 488 3762 vora
507 3701 663 3781 theologia,
685 3703 1052 3784 quametiamhicpsalul

263 3909 323 3995 ,f
