2190 4064
90 133 150 191 m
411 124 696 193 *termut-tot

86 284 281 366 pharmacum
301 284 462 361 corruptae
482 288 618 357 naturae,
639 287 672 343 et
691 283 909 347 tundentem.
921 304 1031 349 m

88 392 134 451 leia
155 388 313 458 molestite',
344 402 422 463 quae
451 393 515 448 turn
543 390 573 448 tu
600 388 740 469 conjugio
758 378 1032 471 tum-nagistrum

87 501 174 567 runt,
194 491 412 571 eliquamuium
432 494 622 572 reprimere:

172 600 248 659 Cum
276 615 348 677 ergo
377 599 582 678 inscriptura
610 614 698 658 nerra
726 595 865 677 legi-ua.
893 600 953 661 lete
970 618 1034 663 eoe-

84 706 164 786 Jugti
198 702 347 774 enoomla,
381 701 524 764 debemur
552 702 714 763 antithesin
735 680 839 764 iae-ede
860 692 969 784 judaei
986 705 1033 767 tro-

88 812 200 870 mlnum
228 812 261 867 et
285 808 364 868 hane
383 805 503 867 addere·
523 809 756 883 eorreettonem,v
788 808 874 886 quod
895 812 961 875 ieta
979 810 1034 871 un

80 914 160 976 'vera
180 911 343 974 seeundum
367 915 513 994 Spiritum
533 916 685 985 ranetam,
709 896 765 972 eod
785 912 957 975 seeundum
975 932 1035 975 ear·

88 1037 156 1080 nem
172 1037 232 1078 non
247 1019 308 1079 sint
318 1012 446 1093 νοω.)
481 1019 534 1078 Sie
548 1038 616 1080 oum
625 1017 703 1078 ini'ra
717 1017 793 1078 diett
804 1016 907 1097 deplu
918 1016 1033 1079 merito:

59 1160 62 1165 -
87 1126 220 1199 „lleatne
241 1141 274 1183 ee
294 1124 423 1183 attere
443 1125 498 1183 tibi
519 1126 611 1197 erit‚“
630 1140 700 1183 earo
712 1110 875 1182 ¹divertunt
897 1124 1034 1185 aentitet

84 1230 203 1310 judicat
222 1227 378 1308 conjugem
402 1246 469 1288 eeee
489 1230 696 1299 miserrimum,
717 1231 750 1287 et
769 1246 838 1289 eoae
853 1230 884 1289 el
900 1231 1032 1309 pessino.

86 1334 168 1414 quod
188 1333 262 1393 duro
288 1331 391 1415 labore
410 1334 523 1393 vietam
543 1337 669 1415 cogatur
689 1351 844 1409 quaerere,
867 1335 943 1411 qula
956 1352 1034 1395 mun·

86 1441 145 1502 due
165 1458 202 1499 ee
221 1456 280 1498 non
299 1436 449 1516 intelli'ffit,
471 1458 548 1517 quae
568 1443 639 1499 runt
647 1438 778 1517 Spiritus
800 1441 911 1513 saneti,
931 1443 963 1501 et
980 1440 1032 1501 iria

86 1549 173 1618 bona,
195 1562 272 1623 quae
291 1542 339 1603 vel
359 1545 391 1602 in
411 1545 580 1604 oeconomia
593 1542 640 1605 rel
655 1542 855 1623 politiaaunt,
877 1562 940 1605 non
950 1542 1031 1617 ule

46 1701 49 1707 ,
88 1642 147 1714 e'ed·
162 1655 280 1712 tautum
300 1648 405 1708 haeret
425 1650 456 1707 in
477 1653 636 1722 creatura,
654 1634 752 1707 Deum
775 1647 971 1723 uendentem,
989 1666 1030 1709 re·
1068 1706 1070 1713 ,

88 1757 223 1838 gentem,
260 1767 291 1815 et
308 1752 535 1813 benedicentem
556 1757 713 1813 creaturae
733 1770 793 1811 non
823 1753 918 1813 ridet.
960 1754 1030 1815 Gen-
1068 1728 1070 1801 d

88 1868 138 1922 tra
158 1862 290 1940 Spiritus
319 1858 456 1918 sanetus'
470 1859 501 1916 in
529 1863 695 1918 creatorem
722 1858 876 1931 intuetur,
922 1863 956 1921 et
984 1862 1029 1923 ire-

88 1965 286 2026 nedietionem
319 1962 444 2033 domini,
480 1963 670 2037 quantumvis
706 1962 796 2022 rariie
825 1964 1030 2027 afflictionibus

88 2073 240 2141 obrutam,
261 2064 415 2146 magnifiee
435 2066 563 2139 extollit,
595 2067 654 2127 alia
673 2068 858 2129 incommoda
878 2076 935 2133 aut
953 2089 1028 2153 pror·

87 2192 141 2236 rue
161 2170 329 2233 dissimulet
350 2172 413 2233 eat.
425 2173 567 2231 extenuat
588 2173 726 2252 egregie:
744 2173 803 2234 hoo
821 2174 956 2237 mundun
976 2192 1026 2237 aon

86 2280 190 2360 potest
209 2276 318 2337 iacere.
392 2324 395 2329 .

100 2430 104 2439 .
170 2383 239 2443 ldeo
272 2381 405 2443 ridemus
436 2381 467 2440 in
483 2380 636 2452 historiis,
667 2381 800 2444 hominen
828 2388 944 2460 quanto
973 2384 1027 2447 iur-

87 2493 161 2550 rnnt
201 2488 415 2567 sapientiores,
445 2491 530 2549 tanto
560 2485 673 2555 cavisee
704 2486 892 2566 diligentius,
933 2509 972 2549 ne
994 2484 1030 2553 td

86 2593 209 2677 publica
239 2593 359 2671 negotia
394 2596 425 2652 et
454 2590 738 2675 administrationem
769 2592 924 2670 politicam
953 2611 1027 2655 aene·

66 2698 202 2772 „dorent
244 2696 326 2756 ldem
347 2698 378 2755 in
398 2696 536 2774 conjugio
557 2690 732 2772 accidit⁷):
756 2695 900 2773 juventae
923 2694 1027 2758 diffieil-

85 2802 155 2865 lime
176 2802 232 2862 nihi
253 2801 369 2879 patitur
396 2800 427 2859 id
458 2801 567 2878 imponi
588 2800 706 2878 jugum,
736 2802 815 2861 aient
837 2820 929 2863 senex
956 2776 1027 2883 anull

87 2909 232 2968 comicum
254 2907 311 2965 ait:
354 2905 463 2963 Omnes
485 2903 536 2979 qui
557 2910 665 2976 amant,
691 2906 823 2984 graviter
837 2907 895 2967 eibi
915 2924 1027 2971 uxoren

86 3010 152 3072 dari
173 3010 287 3082 ierunt,
318 3013 348 3068 et
369 3010 395 3068 ei
415 3009 466 3087 qni
487 3022 587 3068 amore
608 3011 753 3090 compulsi
776 3010 852 3071 colia
872 3013 945 3074 huie
962 3015 1032 3093 jugo.

85 3117 274 3187 submittunt,
296 3132 364 3174 cuna
383 3116 489 3192 postea
509 3132 568 3172 non
589 3103 687 3174 {luunt
706 3115 745 3175 ad
766 3115 959 3190 voluntatem,
980 3114 1027 3179 aad

85 3221 146 3283 alio
166 3226 258 3299 atque
279 3200 340 3278 alia
357 3217 541 3279 incommoda
568 3218 720 3292 incidunt,
753 3239 830 3296 quae
857 3240 959 3284 amore
986 3240 1027 3283 ex·

86 3328 202 3390 oeoeati
223 3343 281 3386 non
300 3322 489 3404 praevidere,
510 3327 575 3382 tum
595 3322 712 3384 demum
735 3325 876 3402 querelae
897 3332 929 3388 et
949 3326 1027 3387 nimir

88 3476 317 3497 m

158 3554 194 3626 d)
231 3549 387 3606 Antitteeie
422 3546 523 3616 judieii
560 3550 670 3604 hnmani
707 3561 737 3608 et
769 3553 891 3625 Spiritu·
930 3549 1024 3608 naneti.

88 3648 124 3718 i)
141 3646 259 3703 diendo·
278 3643 437 3714 eonjugium
457 3642 538 3712 logio
