2204 4058
365 48 685 211 PsalnlOXXVll.
792 216 799 238 x
865 126 999 223 Ιι18
1064 221 1068 242 ¹

49 287 118 361 ,llos
137 244 239 350 autem
258 293 307 351 est
325 307 362 375 ex
381 288 481 350 dirim
501 286 583 348 dono
605 258 706 347 lacae
732 297 810 371 opus
837 283 998 431 superbiae

50 397 214 468 humanae,
238 413 293 456 aen
312 371 413 473 potius
435 366 595 454 satanicae.

77 502 169 561 Sl
182 500 312 580 igitur
300 518 361 578 Jam
383 498 489 559 Cicero
511 500 541 558 et
561 495 775 556 Demosthenes
796 497 910 574 rogent,
931 507 1000 554 cuna
1077 584 1080 591 Ι

49 606 273 685 sapientissima
299 602 423 664 consilia
452 621 503 663 eos
526 601 699 673 fefellerint,
731 600 803 678 quid
831 599 1001 665 laciendum

50 711 112 772 siti
156 711 242 768 Sitne
269 707 454 769 obmittenda
482 707 644 786 sapientia,
675 714 705 766 et
727 705 925 784 abjiciendum
945 707 1018 764 irn-x
1064 747 1079 805 «ι

49 816 169 894 perium
197 815 276 875 etcl
319 812 482 893 respondet
504 811 657 882 Salomon:
699 811 781 884 Non,
807 811 862 872 sesi
882 810 999 884 (lebetis

50 923 222 1001 imperare,
248 922 418 1000 gubernare
446 918 661 998 rempublicam
689 917 827 976 eonaffiis.
861 917 930 976 'Sic
950 935 999 977 oe³

36 1040 209 1086 'cononum
227 1024 316 1102 jubet
336 1025 447 1084 ducere
467 1010 613 1095 uxorem,
625 1035 770 1099 quassare
791 1040 878 1101 opes,
900 1018 998 1083 colere

51 1147 159 1208 agrum
175 1133 232 1189 etc.
275 1131 337 1191 Sosi
358 1133 410 1201 sic,
431 1136 466 1190 ut
487 1133 547 1190 stet
567 1129 639 1189 hoc:
680 1127 790 1199 „Dabit
811 1127 920 1189 dilecto
942 1147 999 1189 suo

49 1253 109 1314 per
130 1242 300 1309 somnum,“
320 1240 355 1296 ut
374 1237 499 1301 verbum
518 1234 638 1307 ,aiabit‘
658 1238 791 1304 maneat,
812 1234 869 1292 bon
888 1237 942 1306 est,
963 1238 999 1295 ut
1035 1284 1038 1293 .

51 1340 199 1417 quidquid
223 1343 356 1413 obvenit,
378 1340 485 1400 donum
509 1359 575 1400 esse
595 1341 790 1417 agnoscatur,
811 1339 895 1410 item,
918 1341 998 1418 quod

51 1447 138 1506 (labit
159 1447 194 1517 ei,
214 1423 273 1523 'qui‘
289 1451 335 1506 est
350 1445 494 1517 dilectus,
516 1450 547 1505 et
568 1445 651 1504 dabit
672 1442 756 1520 quasi
778 1463 834 1524 per
854 1464 997 1519 somnum,
1051 1492 1054 1497 -

16 1578 21 1593 ι
51 1561 86 1610 ut
109 1543 284 1624 sit'elonumJ
301 1552 558 1623 donatumamieo‚
579 1549 707 1613 etfacila
721 1547 872 1611 elo'uatuu.
912 1552 998 1629 Haec
1068 1566 1072 1572 '

51 1662 99 1715 est
128 1675 245 1716 summa
273 1658 446 1717 brevissimo
460 1657 624 1735 ‚exposita,
655 1673 743 1730 quam
771 1661 877 1735 postea
905 1657 997 1719 latius

51 1760 213 1839 explicabit
232 1779 288 1840 per
303 1767 415 1842 partes,
436 1767 472 1821 ut
491 1759 636 1838 quidquid
647 1761 818 1838 inspexeris,
839 1765 871 1821 te
891 1764 997 1843 ipsum,

46 1867 144 1924 ‘ritem
165 1873 265 1936 mam,
299 1885 408 1946 corpus
430 1871 530 1937 tuum,
558 1883 694 1938 uxorem,
724 1865 848 1938 liberos,
882 1884 995 1947 pacem,

51 1975 227 2030 successum
251 1977 325 2043 eta,
358 1991 502 2052 agnoscas
532 1992 598 2032 esse
627 1972 735 2033 donum
759 1974 916 2048 creatoris,
945 1993 996 2040 oe·

37 2077 124 2135 mini
146 2076 249 2136 (letum
270 2077 327 2135 nisi
349 2075 457 2137 dilecto
478 2095 542 2169 suo.

121 2181 227 2241 Facies
242 2169 335 2261 igitur
348 2186 379 2241 ct
391 2181 459 2243 idea
473 2184 575 2243 mnndi
587 2187 633 2244 cst
646 2185 676 2243 in
689 2185 881 2266 praecedenti
897 2205 995 2261 versu,
1080 2251 1082 2257 s

50 2286 103 2346 ubi
126 2304 185 2345 nou
206 2290 277 2346 sunt
297 2285 414 2360 dilecti,
446 2288 501 2349 sed
529 2290 691 2350 dementati
718 2282 877 2363 homines,¹
896 2296 996 2378 natira

51 2391 209 2451 diuinitate
232 2395 263 2450 et
284 2394 412 2466 carneli,
444 2396 495 2471 qui
517 2397 613 2454 omnia
642 2397 703 2455 suis
730 2397 860 2456 consiliis
891 2398 995 2460 voluat
1042 2422 1049 2471 j

50 2513 159 2575 regere
196 2500 226 2580 et
261 2495 387 2557 allicere.
428 2499 469 2558 Hi
497 2501 611 2560 nullum
632 2500 743 2577 habant
770 2500 894 2574 donum,
925 2506 995 2582 qnia

50 2603 109 2662 etsi
138 2601 266 2674 habent,
302 2607 401 2671 tamon
429 2624 488 2666 non
509 2608 848 2685 agnoscunttunquam
876 2606 1009 2695 donum,

51 2723 109 2764 nec
135 2705 254 2766 dicuat:
295 2706 380 2768 Haec
407 2709 490 2770 Deus
524 2710 617 2770 dedit.
657 2708 702 2770 Ac
733 2711 803 2771 lieet
831 2710 935 2772 Cicero
963 2718 995 2775 et
1027 2741 1030 2744 ·
1067 2756 1069 2763 ·

51 2811 103 2869 alii
135 2793 303 2893 philosophi
332 2814 480 2876 interdum
509 2816 575 2877 illas
602 2834 652 2876 res
684 2817 762 2876 dona
784 2819 839 2877 Dei
868 2838 933 2879 ease
955 2823 994 2880 si-

50 2913 201 2994 gnificent,
221 2920 321 2978 tameo
335 2938 392 2978 nou
412 2921 550 3007 ¹creduut,
573 2921 625 2982 scel
648 2942 682 2982 ex
704 2942 736 2982 se
755 2923 826 2984 deos
848 2926 993 3003 quosdam
1037 2988 1040 2995 ,

50 3018 178 3093 iaciunt,
199 3026 420 3095 accusatores,
448 3028 499 3102 qui
520 3030 581 3088 suis
602 3029 730 3089 consiliis
752 3032 995 3103 munierimus

49 3124 196 3204 publicas,
217 3130 372 3207 imperium
393 3135 596 3210 propagarint,
618 3137 801 3195 imminentes
822 3139 927 3198 turbes
945 3158 996 3200 ca·

48 3232 147 3291 verint
168 3237 224 3291 etc.
266 3233 333 3294 Hac
347 3239 568 3314 praesumtione
589 3247 750 3318 provocant
762 3242 865 3314 Deum,
881 3249 921 3304 'ut
941 3247 996 3305 im·

48 3335 333 3399 mittatslnuibalem
349 3341 487 3418 aliquem,
506 3345 560 3401 aut
568 3343 725 3419 Pyrrhum,
746 3353 799 3408 aut
819 3351 993 3411 intestinum

47 3439 160 3500 bellum
182 3443 289 3504 excitet
309 3463 365 3524 per
382 3445 510 3522 Syllam,
531 3449 721 3528 Pompejum,
743 3457 795 3512 aut
816 3455 995 3533 coujuratio-
1068 3430 1072 3448 ⁴

47 3560 117 3603 nem
138 3545 318 3608 nefariorum
340 3550 488 3610 bominum
510 3571 566 3632 per
588 3555 760 3629 Catilinam,
782 3563 816 3619 ut
837 3562 881 3619 sic
902 3565 992 3640 agno·
1073 3572 1077 3587 ¹

46 3653 144 3720 scant,
164 3669 268 3712 aanor
290 3672 356 3714 ease
378 3657 593 3733 gubernatores
614 3664 764 3727 maurum
786 3674 894 3724 rernm.
938 3665 989 3725 Sic

242 3744 246 3772 l
