2190 4064
441 254 682 337 Psalmims
760 320 765 344 ,
853 296 877 319 τ
984 284 1025 345 35

44 438 175 495 hausta
208 453 244 492 ex
277 433 368 489 verbo
393 430 454 489 Dei.
499 432 530 488 Si
563 430 655 509 igitur
676 434 761 509 potes
783 432 837 492 hoc
859 432 1027 511 apprehen-

45 537 140 606 dere,
167 540 202 593 et
224 539 386 602 statuere,¹
399 529 461 589 Deo
483 551 549 590 esse
570 531 788 609 heneplacitum
810 550 902 610 super
921 535 1026 593 timen-

46 650 102 694 tes
127 653 221 704 eum,
252 637 328 691 tunc
346 650 450 690 revera
483 632 525 690 ita
553 618 606 690 tibi
637 631 794 708 continget.
839 633 871 689 Si
892 624 950 691 nou
972 652 1026 712 ap-

46 732 242 815 prehendis,
265 748 323 789 nou
344 748 376 789 es
399 732 453 790 sub
475 730 672 808 beneplacito,
693 731 745 789 sed
767 733 823 791 sub
844 733 897 803 ira,
919 751 1026 793 saeuu-

48 834 131 893 dum
157 833 277 891 Christi
301 830 429 916 dietum:
470 830 574 905 „Sicut
595 829 705 900 credis,
727 832 769 889 ita
788 830 839 889 fiet
860 832 941 890 tibi.“
983 830 1025 893 at

50 933 211 1013 cogitatio
234 929 403 990 deiraDei
424 948 532 1009 perse
554 929 769 1006 quidem‘feisa
787 936 842 1002 est,
863 931 1037 1007 quiaDeus·

49 1024 219 1112 promittit
245 1030 494 1121 misericordiam,
513 1034 552 1089 *et
575 1034 674 1091 tamen
695 1028 764 1090 talis
785 1030 861 1089 ials'a
883 1032 1023 1108 cogitatio

49 1134 90 1193 iit
113 1150 196 1193 vera
216 1135 387 1210 propterea,
408 1132 477 1206 quia
497 1133 531 1188 tu
551 1122 651 1188 veram
675 1148 740 1219 esse
761 1131 878 1206 statuis.
909 1132 1024 1193 Contra

51 1234 111 1292 iiia
139 1231 246 1290 altera
265 1216 444 1312 'cogitatm—
465 1229 544 1306 quod
572 1227 653 1288 Deus
683 1229 782 1289 faveat
802 1234 1022 1309 peecatoribus,

52 1332 267 1405 sentientibus
280 1335 413 1411 peecata
431 1338 494 1401 sue,
516 1329 690 1408 simpliciter
711 1349 781 1390 vere
803 1338 849 1390 est
866 1337 896 1391 et
911 1337 1021 1393 manet.

50 1434 141 1512 Ergo
165 1449 229 1490 nou
252 1434 306 1502 est,
327 1431 411 1515 quod
429 1432 550 1510 cogites,
572 1447 631 1488 non
644 1432 687 1488 sic
700 1431 834 1489 futurum
850 1437 1022 1511 propterea,

53 1532 139 1611 quod
172 1539 210 1591 tu
233 1532 277 1591 sie
298 1530 404 1590 eredis.
446 1530 526 1594 euin
553 1531 610 1597 hoc
642 1533 757 1600 statue,
788 1530 867 1605 quod
895 1550 945 1591 res
964 1550 1023 1611 per

56 1654 91 1693 se
125 1636 218 1693 certa
247 1636 277 1690 et
308 1649 379 1689 vera
399 1632 500 1708 magis
530 1614 621 1688 certa*
643 1635 673 1687 et
694 1627 765 1687 vera
785 1627 820 1686 fit
839 1632 871 1687 te
893 1631 937 1690 sie
958 1650 1022 1691 ere·

10 1804 13 1809 ¹
59 1734 164 1793 dente.
210 1732 298 1791 siout
326 1735 463 1799 econtra,
492 1730 522 1787 -si
551 1728 657 1787 credas
687 1727 781 1787 Deum
803 1730 919 1793 iratum
946 1749 1021 1802 esse,

58 1838 144 1892 serto
175 1808 336 1890 debiturus
358 1848 390 1888 es
411 1846 478 1888 eum
506 1831 616 1888 iratum
637 1831 667 1887 et
687 1824 817 1900 hostem,
846 1821 900 1907 sed
921 1830 1023 1891 diebo·
1053 1830 1073 1903 ,¹

44 1932 132 2003 iios,
155 1930 346 1990 idololatriea
366 1930 397 1989 ei
415 1946 557 2008 perverse
577 1929 770 2008 cogitatione,
802 1929 873 2004 quie
892 1927 956 1990 neo
977 1932 1022 1992 sic

59 2034 203 2102 servitur,
226 2030 253 2089 si
274 2046 341 2087 eum
362 2032 480 2100 timess,
503 2033 533 2087 et
554 2027 763 2107 apprehendas
785 2028 952 2114 Christum,
970 2032 1021 2090 ob·

60 2132 176 2207 jectum
197 2129 427 2188 misericordiae.
928 2144 931 2149 ·

143 2229 234 2289 Haec
245 2233 369 2287 estsere
378 2210 526 2306 theologia
535 2227 572 2286 de
585 2244 654 2285 vero
664 2226 734 2286 Deo»
744 2231 774 2285 et
782 2244 851 2287 vero
861 2227 917 2287 Dei
926 2230 1019 2289 cultu.

10 2386 12 2415 ἱ
62 2327 373 2407 Falsatheologieest,
381 2327 477 2387 Deum
486 2346 552 2386 esse
560 2328 667 2387 iratum
677 2330 906 2405 agnoscentibus
913 2347 1020 2407 peeca-

64 2436 175 2489 tasua.
197 2427 287 2487 Talis
309 2430 387 2487 enim
407 2427 489 2486 Deus
512 2445 568 2485 nee
589 2418 720 2486 iri'eoelo
742 2432 943 2501 nemusquam
966 2431 1020 2498 est,
1080 2460 1084 2467 ·

63 2529 117 2589 sed
137 2534 189 2589 est
209 2527 322 2586 idolum
344 2529 478 2605 perversi
500 2526 605 2596 cordis,
628 2526 697 2601 quia
717 2545 806 2584 verus
827 2526 910 2585 Deus
932 2526 1018 2587 dicit:

63 2629 154 2699 ,didio
180 2630 306 2687 mortem
327 2628 509 2705 peccatoris,
532 2626 586 2685 sed
606 2634 641 2684 ut
661 2627 755 2705 magis
777 2620 968 2703 cooperiatur
990 2631 1020 2687 et

64 2732 174 2788 τίνω*
214 2725 282 2786 lide
316 2727 406 2784 etiam
431 2727 582 2803 praesenti
602 2724 725 2784 Doridis
748 2708 879 2806 exemplo
901 2731 932 2786 et
954 2744 1020 2785 ora-

64 2830 143 2887 tione
164 2827 387 2905 comprobetur,
409 2828 439 2884 et
460 2826 606 2903 principio
628 2823 849 2899 admonuimus,
872 2844 931 2885 non
951 2832 1019 2886 tan-

66 2922 134 2985 tem
156 2924 325 3004 exemplum
346 2922 469 2983 Davidis
501 2924 550 2983 hic
579 2924 832 2983 considerandum
861 2936 941 2996 esse,
964 2923 1019 2983 sed

65 3026 213 3105 psalomm
235 3022 473 3083 transferendum
493 3024 522 3081 in
545 3023 712 3102 generalem
735 3022 914 3103 doctrinam,
942 3042 1020 3100 quae

66 3127 215 3204 pertineat
236 3123 410 3202 simpliciter
432 3123 470 3181 ad
492 3140 592 3181 omnes
613 3122 762 3194 homines,
781 3123 865 3183 uullo
886 3128 1018 3202 excepto,

68 3226 140 3285 sieut
153 3206 291 3304 ¹epistola
311 3223 348 3281 ad
360 3224 508 3287 Romanos
529 3222 709 3304 generaliter
731 3224 807 3282 citat·
825 3225 1019 3282 senientiam:

68 3324 183 3393 „Omnis
205 3324 291 3381 homo
312 3321 464 3393 mendax‚“
493 3324 577 3381 item:
596 3381 599 3385 ,
619 3316 792 3393 ,Conclusit
812 3321 895 3380 Deus
917 3340 1020 3382 omnes

68 3426 118 3484 sub
138 3428 307 3505 peccatum,
329 3426 364 3481 ui
383 3423 510 3501 omnium
525 3422 746 3480 misereretur.“
787 3419 836 3478 Ad
852 3422 936 3487 ¹hunc
956 3437 1019 3478 mo-

69 3522 133 3583 dum
169 3524 207 3583 de
239 3521 354 3583 Davide
384 3522 523 3593 diximus,
545 3519 626 3597 quod
646 3540 704 3579 nen
727 3520 828 3580 selum'
844 3536 932 3578 suum
946 3536 1019 3596 pec·

70 3628 181 3696 utum,
224 3622 406 3705 sedimine
447 3621 565 3701 generis
593 3621 713 3705 humani
747 3622 872 3679 moriem
913 3620 944 3675 et
975 3616 1020 3674 si-

71 3724 123 3781 um
144 3722 370 3803 complectatur.
413 3718 494 3801 Ergo
515 3718 597 3807 Deus
626 3720 764 3784 omnibus
785 3715 962 3784 homiuibus
979 3720 1030 3779 ta-

600 3880 603 3888 ,
706 3831 785 3901 ,32-
