2190 4064
69 229 133 291 ub
373 226 713 297 ,Praelscttonea

69 379 161 452 tiaut,
191 384 228 439 nt
254 378 362 459 singuli
390 379 476 442 donis
505 382 568 443 suia
594 401 628 445 so
655 344 818 446 ostendant
835 382 934 467 Deop

70 499 146 539 esse.
174 478 291 537 Horum
312 480 384 538 nihii
405 482 552 554 meminit,
574 494 745 561 quanquam
765 484 798 544 in
818 485 887 546 solo
914 490 934 547 b

69 584 105 639 ut
125 578 230 638 fierent
250 585 413 658 praecepta
430 586 530 641 erant:
552 588 669 643 tantum
689 583 825 645 meminit
842 586 934 665 praei

70 681 159 739 tionis
181 684 212 737 et
240 680 404 758 gratiarum
432 682 556 742 cottonis
580 700 653 741 scu·
667 682 819 743 orationis.
863 684 932 745 Hoc

71 778 161 837 dubio
183 797 202 837 a
224 779 397 841 sacrificulis
418 768 507 859 quam
529 782 737 853 nocentissima
757 781 934 845 baeresisir

68 877 180 959 populo
204 878 381 946 damnatum.
396 892 451 953 est,
473 901 531 942 non
559 881 647 941 aliter
668 882 755 959 ioqui
776 882 816 943 de
843 884 933 945 culta

69 981 148 1039 sicut
169 964 264 1039 nbsui
283 981 421 1061 papiatae
441 998 501 1039 non
522 984 649 1059 possunt
669 982 756 1055 serre,
778 976 848 1043 cum
872 982 934 1043 doe

70 1080 285 1138 exstructiones
304 1078 516 1159 'templorum
537 1080 741 1154 anathemata,
776 1088 919 1143 ornatum

6 1248 10 1254 ,
71 1184 102 1239 et
117 1179 238 1257 argenti
259 1198 318 1238 uon
340 1198 407 1247 esse
433 1180 533 1239 cultus
561 1180 625 1239 Dei.
657 1180 773 1257 'itaque
800 1182 826 1241 si
844 1180 934 1265 'Davi

70 1278 181 1365 uostris
201 1278 321 1359 templis
342 1279 386 1339 sic
406 1280 494 1338 bodie
515 1282 751 1351 concionaretur,
773 1282 853 1341 sicut
873 1286 934 1344 tam

50 1398 124 1439 ·suo
140 1379 252 1459 templo
272 1379 359 1451 iacit,
381 1378 574 1438 damnaretur
595 1385 625 1439 et
647 1378 832 1440 cremaretur
852 1384 934 1443 sieut

69 1480 199 1551 reticus,
226 1477 306 1555 qnod
327 1496 465 1559 pompam
493 1478 573 1537 iiiam
594 1498 711 1539 omnem
732 1479 934 1554 tabernaculi,

69 1599 129 1641 nes.
145 1584 283 1640 externos
304 1579 403 1638 cultus
426 1580 469 1637 sic
489 1580 613 1658 negligit
621 1596 642 1650 ,¹
661 1599 696 1638 ac
717 1580 742 1638 si
765 1597 825 1638 non
845 1580 934 1641 videa

69 1698 240 1759 quanquam
261 1696 321 1738 non
339 1678 544 1759 reprehendit,
576 1684 675 1737 tamen
696 1680 876 1759 pronuntiat
897 1680 934 1741 be

69 1782 187 1862 ligionis
215 1798 282 1839 esse
314 1785 420 1858 caput,
455 1779 559 1838 audire
588 1781 633 1867 et·
657 1779 794 1838 invocare
824 1778 934 1840 Deum.

69 1881 198 1961 papistio
218 1879 328 1937 nostris
359 1882 473 1938 certum
502 1882 561 1949 est,
588 1877 668 1957 quod
693 1880 877 1939 monasteria
906 1884 934 1941 et

66 1978 180 2057 templa
201 1995 259 2035 non
287 1976 354 2034 ideo
383 1976 558 2048 aedificant,
586 1997 642 2037 nec
671 1977 821 2037 aedificari
843 1978 934 2041 docus

68 2076 192 2159 artistic
213 2075 336 2134 verbum
356 2074 412 2133 Dei
433 2075 603 2135 audiretur:
624 2078 820 2157 praecipuum
840 2078 910 2154 fuit,
930 2100 934 2137 ι

67 2178 259 2245 missaretur,
281 2181 312 2233 et
342 2174 400 2252 ipsi
432 2170 649 2253 congregarent
678 2195 801 2255 magnas
830 2195 924 2257 opes,

68 2278 188 2337 irritant
209 2272 309 2334 oeulos
339 2278 446 2333 ornatu
473 2274 531 2334 isto
558 2274 738 2359 magnifico,
758 2276 798 2336 dc
824 2296 885 2355 quo
914 2278 934 2339 b

67 2378 188 2438 videtur
207 2375 419 2456 prophetasse,
451 2392 518 2433 cum
548 2376 586 2432 in·
602 2380 648 2435 ll.
679 2375 766 2437 uicit:
795 2377 934 2449 „Coletl

68 2498 155 2541 susum
176 2477 300 2537 Maesim
322 2476 352 2533 in
374 2492 446 2534 auro
469 2478 499 2533 et
519 2479 672 2553 argent0.“

127 2611 129 2618 ·
150 2579 282 2636 Possunt
303 2575 422 2651 quidem
443 2575 555 2654 templa
575 2577 674 2634 ornari
695 2575 831 2647 honeste,
851 2578 908 2639 sed
929 2602 934 2635 ι

40 2660 42 2664 ’
68 2696 105 2737 ea
123 2695 172 2735 res
202 2676 313 2733 habere
342 2674 469 2734 modum.
511 2675 578 2734 Hoc
608 2680 707 2733 autem
735 2677 935 2755 praecipuum

69 2775 150 2853 quod
171 2774 268 2833 David
288 2773 326 2832 de
348 2791 402 2832 suo
422 2773 615 2845 tabernaculo
644 2773 815 2854 praedicat,
846 2781 877 2838 et
906 2798 934 2837 m

66 2875 177 2937 uostris
197 2872 316 2951 templis
337 2873 501 2951 praecipue
522 2872 664 2932 debemus
686 2876 841 2952 spectare,
863 2896 934 2953 quos

66 2979 123 3037 bus
134 2973 321 3034 adscendunt
332 2970 371 3056 ad
391 2969 610 3031 testificandum
632 2972 741 3043 israeli,
762 2974 822 3059 hoc
841 2982 934 3049 eat,·a=

66 3077 193 3136 cendum
218 3077 248 3149 et
269 3068 450 3130 audiendum
468 3070 591 3128 verbum
612 3071 668 3131 Dei
682 3068 748 3147 ¹⁶).
790 3073 916 3139 Habent

66 3174 197 3234 Hebraei
218 3170 312 3231 multa
338 3167 443 3239 verba,
473 3168 581 3243 quibus
607 3171 793 3248 significatur
819 3176 934 3236 minist«

67 3272 192 3334 docendi
215 3290 268 3330 seu
289 3269 439 3337 doctrina,
462 3267 540 3324 sieut
560 3268 647 3326 etiam
669 3270 763 3330 msulta
785 3276 877 3333 verba
898 3275 934 3335 ba

67 3368 144 3450 q‘uae
165 3371 254 3443 irasci
277 3372 307 3427 et
328 3366 460 3444 gaudere
474 3363 649 3443 significant.
692 3369 810 3446 Eloqui,
831 3378 934 3452 promi

67 3470 216 3539 confiteri,
254 3465 375 3535 sedere,
414 3465 561 3542 judicare,
590 3466 759 3539 testificari,
788 3470 916 3547 docere,

68 3569 246 3634 omniafere
267 3563 434 3642 significant
454 3564 546 3634 idem,
572 3565 651 3645 quod
672 3569 756 3628 nobis
779 3572 904 3634 verbum
930 3594 934 3655 j

75 3656 286 3673 Μ

137 3681 188 3749 ln)
210 3676 374 3733 Testidcari
395 3678 468 3749 qnid.
543 3754 548 3761 ι

165 3983 270 4026 *a
288 3982 294 3996 “
416 4003 508 4026 ..ιιι
