2190 4064
367 247 564 309 lall‘salm.
588 248 698 309 (irad
840 242 843 247 ’
951 198 1026 313 Μ.

53 407 137 461 taes
149 399 297 479 proeellas
318 386 457 479 agitator,
478 384 1012 479 tanquam-qni··in·1nn1i·nnvigans

64 501 306 564 Quotidin'enin
326 500 502 567 infestamur
520 503 616 561 rentis
637 492 850 571 tentationum,
872 517 939 559 oum
959 504 1016 564 ant

64 600 177 658 divitiis
199 604 252 659 aut
271 603 465 678 paupertate,
494 604 546 659 aut
574 601 668 679 gloria
688 604 741 659 aut
767 600 940 677 ignominia,
962 603 1016 660 aut

12 712 16 721 “
63 698 192 759 tristitia
214 705 266 763 aut
286 698 399 757 laetitia
419 700 636 777 perturbantur
657 700 753 757 animi.
791 698 864 757 lnde
884 710 1032 774 requam·

63 802 119 858 tur
137 796 293 877 passiones
314 786 482 875 gratiores,
504 793 628 876 nempe,
650 802 703 857 ant
723 799 869 857 securitas
889 780 943 858 ant
963 796 1016 859 dn·

65 898 210 976 sporatio.
238 882 319 973 Ergo
340 897 386 956 his
407 896 548 956 flentibus
561 897 700 975 procellis
715 915 838 957 necesse
859 882 906 979 ⁴est
919 900 955 956 nt
967 916 1015 957 ro·

64 998 193 1057 sistatur
209 994 411 1055 exhortatione
422 997 513 1067 verbi,
522 1001 560 1056 et
566 1000 601 1055 ui
609 994 752 1075 urgeatur
762 995 835 1055 lides
843 997 874 1053 in
882 980 1021 1066 verbnm,

129 1093 198 1154 ⁴Ad
217 1096 297 1153 hunc
316 1095 436 1169 modum
458 1095 590 1174 intelligo
610 1097 690 1154 lrnne
702 1095 857 1174 psalmum,
874 1095 1015 1181 ,qnodsit
1057 1082 1065 1154 ζ

63 1197 152 1273 qnasi
173 1194 338 1265 deonna,
353 1209 585 1270 quamonemnr
618 1194 807 1255 intactile
832 1194 920 1253 fidem
941 1196 1016 1255 assi-

63 1295 125 1354 dno
145 1294 340 1353 exercendem
361 1294 707 1365 esseerlrortationibns,
728 1313 766 1352 ne
780 1295 917 1372 occupati
931 1297 1012 1357 omit
1070 1290 1072 1295 ¹

57 1393 156 1473 liujus
178 1392 287 1452 saeculi
310 1393 516 1475 obliviscamur
537 1401 725 1454 aeternorum
746 1395 899 1453 bonorum.
978 1404 988 1443 ι’
1020 1414 1023 1420 ·
1053 1391 1056 1401 “

58 1492 84 1552 i.
107 1494 254 1553 Levavi
270 1489 740 1564 oeulosmeosinmontos,
761 1484 863 1552 nn'de
879 1494 1013 1555 venial
1087 1528 1090 1541 ·

212 1584 216 1602 '
294 1612 297 1621 ·
356 1591 572 1651 auxilinm
593 1589 708 1665 mihi,
803 1600 815 1639 ἰ·
850 1620 854 1629 .
940 1634 943 1641 .
1000 1606 1004 1615 ·

146 1690 237 1755 Quod
256 1691 329 1769 dicit
350 1688 388 1751 de
407 1691 562 1750 montibus¹
577 1689 783 1761 auxilieribua,
811 1689 937 1775 includit
957 1709 1011 1751 ane

61 1791 195 1861 tithesin,
218 1791 296 1850 siout
307 1791 409 1850 omnis
431 1790 566 1863 doctrina
579 1788 648 1847 fidei
663 1793 699 1867 ¹el
717 1789 871 1869 promissio
884 1789 1011 1861 antithe-

61 1890 108 1949 sin
130 1908 233 1953 secum
254 1889 347 1960 affert,
368 1891 393 1949 si
405 1908 527 1953 earnem
545 1887 723 1948 consideres.
745 1888 1009 1969 Promittitrrrpiis

60 1989 266 2060 lntnrnmsnt.
282 1984 420 2047 dominm
438 1990 511 2067 ipsis
533 1988 627 2048 adsit:
646 1986 702 2047 ¹sed
717 1989 746 2048 si·
764 1989 893 2066 speeiem
914 1989 1010 2047 consi.-

60 2086 167 2158 dsrns,
198 2088 288 2147 etiam
308 2088 445 2147 GhrIstns
461 2078 497 2146 in
518 2105 608 2148 eruce
634 2088 753 2148 ridetur
774 2087 910 2146 desertus
932 2106 1007 2147 esse.

59 2185 110 2246 Ad
129 2187 212 2245 hune
230 2177 349 2245 modum
370 2189 458 2247 etiem
479 2206 535 2266 per
554 2188 634 2247 hunc
654 2192 749 2247 totum
770 2182 1009 2265 psalmnmballa
1053 2246 1057 2253 ,

59 2286 218 2347 antithesis
238 2286 395 2358 indicatur,
417 2289 501 2363 qnasi
522 2280 602 2347 dicat
616 2288 777 2366 propheta:
798 2274 1007 2363 Ingruentibus

58 2387 275 2460 tentationibus
290 2389 322 2444 at
332 2383 590 2445 oraminibusfidei
600 2405 678 2445 unus
691 2387 758 2461 huo,
778 2385 853 2444 alius
862 2385 1008 2445 illuoour·

58 2489 109 2557 rit,
117 2490 304 2563 quaeruntur
316 2486 521 2567 variasolntia,
529 2486 636 2545 auxilia
645 2486 734 2545 varia.
744 2484 776 2541 Si
788 2483 1009 2563 amicisjpdioa·
1042 2518 1052 2555 ·,

58 2591 282 2665 turopus'esse,
301 2587 436 2644 ourritur
444 2585 482 2644 ad
492 2583 609 2665 amieos,
626 2585 656 2642 ‘si
675 2584 817 2663 principe,
839 2583 879 2642 ad
897 2584 1008 2662 prinoi-
1060 2576 1062 2583 ⁴

58 2703 138 2764 pom.
161 2685 213 2751 Sic
222 2684 322 2767 yideas
333 2686 362 2741 in
373 2703 438 2743 meo
453 2684 565 2762 populo
579 2682 650 2742 alios
659 2685 688 2740 in
700 2681 815 2754 Bethel,
825 2682 937 2743 aliosin
946 2682 1007 2743 Gii-
1038 2683 1041 2695 '
1087 2690 1090 2699 ¹

57 2784 118 2863 gal,
133 2772 207 2842 alios
216 2784 404 2843 inBethaven
417 2802 547 2854 currere,
558 2787 697 2860 tanquam
710 2776 910 2842 adsalutar'es
922 2801 1006 2842 mon·

57 2887 116 2953 ies,
131 2884 211 2941 sieut
223 2886 279 2941 sub
295 2889 409 2962 papatu
426 2882 545 2960 quidem
559 2882 690 2953 Romam,
710 2881 759 2940 alii
768 2881 1005 2960 Composiellam,

59 2982 111 3039 alii
126 2981 185 3040 alio
199 2984 368 3041 currebant.
398 2983 559 3041 Suetenim
571 2981 685 3050 infinita
704 2982 868 3060 patrocinia
878 2985 909 3040 et
929 2980 1023 3041 solo-¹
1063 2988 1066 2993 ’

57 3083 119 3152 tia,
141 3098 220 3155 quaa
242 3099 294 3139 oor
313 3083 343 3140 in
365 3081 538 3140 difficultate
558 3083 688 3160 positum
714 3081 810 3140 credit
830 3085 860 3139 et
881 3081 1005 3156 quaerit,

56 3186 91 3241 ot
112 3178 195 3257 qnod
214 3181 395 3252 mirum'asi,
417 3182 513 3240 omnia
534 3180 591 3239 alia
610 3182 775 3260 patrocinia
796 3183 827 3238 et
848 3178 953 3239 solatia
963 3176 1006 3238 ln

43 3280 144 3339 -cilins
167 3297 204 3337 aa
225 3280 312 3339 cilius
333 3280 470 3351 admittit,
492 3298 581 3356 quam
600 3281 720 3343 unicum
741 3283 771 3338 ot
786 3297 887 3338 verum
900 3281 1006 3357 patro·

55 3379 168 3439 oinium
188 3364 281 3437 solius
302 3378 366 3437 Dei.
408 3380 489 3457 Ergo
511 3377 584 3437 haec
604 3377 670 3437 laus
692 3382 738 3437 est
758 3377 844 3450 iidei,
872 3375 953 3453 quod
973 3376 1005 3433 in

54 3476 201 3558 perieulis
222 3466 406 3556 respicitsad
426 3479 546 3536 unicum
559 3483 686 3537 montem
702 3465 870 3546 salutarem,
893 3475 944 3550 qui
957 3476 1005 3533 est
1030 3512 1055 3535 ,ι

55 3578 87 3635 in
108 3572 306 3648 Hierusalem,
328 3576 441 3637 relictis
456 3577 586 3637 'aliorum
607 3578 750 3635 montium
769 3572 934 3655 praesidiis.
956 3566 1006 3651 Ad
1074 3566 1083 3585 ‘

54 3674 140 3737 huno
159 3674 281 3735 modum
307 3673 434 3753 obliquis
468 3675 562 3741 senos
599 3676 685 3763 quasi
719 3676 853 3736 intaeta!
891 3669 1027 3769 impiari*

798 4010 802 4017 .
818 3994 840 4018 Α
924 3986 963 4018 h
