2190 4064
347 144 354 168 ⁴
384 128 530 230 Psalmi
551 164 712 234 cxxvi..
834 144 836 150 s
969 160 1010 235 di
1037 182 1042 194 '

18 265 25 294 ⁸
61 320 126 385 inm
154 323 187 383 iu
207 321 296 395 Sion,
324 314 436 384 sedin
456 322 596 403 gentibus
616 321 720 395 etiam,
751 338 828 399 qnae
857 324 1012 402 praedica·

51 433 142 492 bunt
163 435 194 490 et
213 430 366 490 habebunt
386 429 483 490 omnia
501 446 569 489 cum
587 427 699 509 populo
721 430 945 527 cunctationi
964 448 1013 493 sa·

52 530 200 612 quitur:
335 558 339 565 ·

25 748 30 757 ¹
61 723 112 789 ΙΙΙ.
163 721 298 801 Magna
333 720 431 781 iecit
466 718 642 780 dominns
674 716 891 795 nobiscum,
922 721 1010 785 ideo

206 824 208 841 '
246 896 251 901 .
304 824 401 885 iacti
422 843 549 885 sumus
570 825 777 887 laetantes.

70 994 73 998 »
148 953 207 1013 ilic
227 953 309 1011 vides
330 971 420 1012 unam
433 951 587 1013 ecclesiam
610 929 750 1014 constit‘ui
770 974 806 1014 ex
820 957 958 1034 gentibus
978 960 1011 1018 et

59 1061 207 1131 ludaeis,
237 1077 298 1117 una
324 1077 396 1120 voce
422 1058 664 1155 praedicantibus
694 1059 836 1120 beneficia
863 1061 934 1133 Dei,
965 1068 1009 1135 ut,

61 1171 145 1227 sicut
168 1165 278 1224 Pauias
301 1164 386 1224 Rom.
404 1168 451 1226 15.
472 1167 527 1236 ait,
539 1163 728 1224 unanimiter
747 1183 807 1224 uno
829 1183 880 1225 ure
901 1166 1012 1247 glorifi-

59 1278 153 1332 cetur
175 1269 272 1339 Deus,
295 1275 326 1328 et
346 1278 433 1352 puter
456 1271 563 1332 domini
585 1271 678 1328 nostri
700 1269 774 1328 iesu
795 1271 915 1331 Christi.
944 1272 1012 1336 lide

61 1381 160 1451 enim,
192 1376 272 1452 quod
300 1372 380 1433 cauit
408 1375 534 1434 ecciesia
555 1374 752 1435 Judaeommr
782 1375 910 1456 „Magna
927 1377 1010 1455 ¹iecit

22 1552 28 1565 „
60 1485 202 1544 dominus
222 1481 406 1552 naumann
425 1481 503 1539 idem
524 1480 612 1538 etiam
634 1482 713 1539 cauit
728 1468 854 1541 ecclesia
868 1485 1013 1562 gentium,

62 1595 93 1650 at
117 1591 272 1666 seqnitur
262 1585 351 1644 idem
379 1585 495 1645 fructus
516 1584 678 1661 utrimque,
712 1590 743 1645 et
769 1605 871 1646 verum
893 1588 1014 1667 signum

10 1731 14 1738 ·
61 1692 182 1775 populi
192 1676 351 1770 evangeiii,
381 1707 505 1769 nempe,
533 1689 613 1767 quud
634 1697 704 1751 suut
709 1692 854 1783 populus
881 1684 1013 1754 exsuita
1071 1764 1073 1773 Ι

62 1800 153 1860 tio'nis
183 1803 214 1856 at
243 1798 387 1866 laetitiae,
428 1797 507 1856 sicut
534 1795 650 1855 dicunt·
692 1776 780 1870 „ideo
802 1797 878 1858 iacti
906 1816 1009 1860 sumus

63 1906 242 1965 taetantesfl
284 1900 436 1979 idm1psi
458 1901 586 1980 cogitate
607 1910 638 1962 et
658 1903 770 1975 videte,
806 1922 894 1981 qnam
914 1906 1011 1967 borri-

62 2011 133 2071 bilis
155 2008 333 2067 abominatio
354 2007 445 2066 inerit
464 2025 590 2084 regnum
612 2026 708 2087 papae
727 2006 776 2084 ⁸),
805 2011 835 2067 in
856 2028 915 2086 qno
935 2008 1011 2072 nibil

63 2116 260 2183 audiebatur,
284 2089 457 2184 videbatui,
479 2113 656 2184 docebatur,
678 2115 847 2193 legebatur,
868 2116 942 2177 nihil
962 2135 1012 2176 en·
1049 2138 1078 2151 ³

63 2223 225 2281 arcebatur
246 2218 342 2288 aliud,
365 2236 453 2294 quam
474 2217 647 2278 traditiones
668 2218 828 2291 humanae,
856 2238 934 2299 quse
955 2239 1013 2283 sua

13 2344 20 2352 ·
63 2330 175 2386 natura
194 2323 275 2383 alind
297 2342 355 2383 non
376 2336 517 2402 possunt,
547 2340 635 2399 quam
666 2323 773 2383 afferre
794 2327 946 2387 tristitiam
980 2329 1013 2389 et

64 2431 200 2510 affligere
228 2406 327 2488 corda.
369 2427 486 2507 Regula
513 2428 590 2486 euim
618 2428 699 2506 parit
725 2430 875 2507 regulam,
910 2433 1014 2495 obscr-
1065 2408 1067 2413 Ι

64 2538 143 2596 vatio
165 2536 414 2603 observationem,
449 2538 479 2592 et
508 2533 601 2603 fiunt,
630 2532 709 2608 qnod
738 2534 928 2594 deterrimum
956 2542 1011 2610 est,

18 2661 22 2669 ·
63 2645 122 2702 ista
144 2642 242 2702 omnia
263 2640 361 2716 laquei
383 2639 595 2709 conscientiae,
617 2656 675 2698 nou
698 2645 818 2698 manent
838 2641 1014 2733 simpliciter

64 2765 156 2807 onera
178 2745 327 2824 corporis,
357 2747 434 2803 sicut
457 2744 618 2831 debebant,
646 2744 709 2803 ubi
716 2745 831 2805 utiliter
851 2747 1013 2806 instituun-

63 2859 123 2911 tur.
168 2834 308 2927 ltaque
294 2868 324 2907 ιιι
345 2867 437 2927 reguo
460 2867 557 2929 papae
578 2868 636 2909 non
657 2825 713 2910 fuit
734 2868 794 2933 una
814 2859 902 2931 gutta
922 2836 1013 2929 hujus

64 2958 234 3028 doctrinae,
256 2970 333 3033 quae
354 2960 475 3034 pareret
497 2955 638 3033 gaudium
659 2964 689 3014 et
709 2940 861 3014 laetitiam.
904 2956 937 3014 st
959 2956 1015 3036 igi·

43 3070 47 3085 ’
63 3068 114 3122 tur
138 3063 180 3121 ibi
197 3065 268 3120 suut
283 3060 392 3141 pavida
407 3060 513 3132 corda,
536 3079 594 3120 non
600 3050 766 3118 inveniunt
788 3060 1013 3122 consolatorem.

64 3169 97 3227 si
125 3171 279 3254 anguntur
309 3170 339 3225 et
368 3165 520 3236 dubitant,
553 3176 612 3223 no'n
638 3169 765 3243 possunt
794 3164 1013 3228 distinctionem

44 3273 179 3343 -iacare,
202 3269 239 3329 de
260 3288 319 3346 qua
341 3290 433 3350 supra
456 3271 590 3329 diximus.
1018 3284 1022 3293 ·

146 3377 256 3442 tiuare
273 3376 454 3435 debebamus
470 3376 533 3434 Deo
556 3391 610 3452 pro
632 3375 688 3432 boc
708 3376 849 3433 immenso
871 3323 1014 3434 beneficia

65 3485 206 3564 gratiam,
228 3480 308 3558 quod
330 3481 439 3541 scimus
461 3499 540 3541 nunc
551 3481 715 3540 doctrinam
729 3478 872 3558 evangelii
894 3478 1016 3560 propria

137 3688 172 3754 8)
194 3686 319 3760 Regnum
338 3698 439 3758 papae.
