2190 4064
1 259 9 268 ⁶
68 232 150 301 ibt)
231 256 236 269 ¹
448 228 654 293 linare-atio

52 388 69 401 “
93 360 273 465 tritinniblna
313 380 381 441 Hac
399 382 536 445 doctriua
557 402 628 443 sene
649 385 691 442 ita
715 340 857 475 eumllego
877 385 1037 460 insultetis

41 511 43 514 ⁴
94 486 264 573 corruptus,
284 484 319 541 ut
339 482 386 539 vir
405 482 642 559 magnolabore,
662 481 718 541 Dei
739 485 844 561 gretia,
864 503 912 543 me
931 485 970 543 ad
990 503 1038 544 sn·

93 584 154 643 Ιιιιιι
175 581 308 649 auditum
330 576 430 658 gaudii
449 574 597 659 potuerim
628 587 808 642 convertere.
851 583 925 658 Nem
945 584 970 643 ei
990 603 1038 645 ex·

66 678 293 767 „spectantum
313 697 347 767 en
367 697 464 755 usque
485 670 540 750 est,
561 680 655 741 donec
676 681 855 741 sufficienter
867 685 1037 754 contereris,

93 783 245 880 nunquam
276 780 433 859 pervenies
461 779 500 841 ad
534 779 675 843 nuditum¹
700 781 813 859 gandii,
837 782 877 839 ‘id
908 782 987 858 quod
1008 783 1060 840 in'

92 866 270 954 monasterio
289 894 422 963 magup
418 896 490 937 cum·
500 877 602 939 dolore
616 881 788 960 saepissime
802 885 940 960 expertus
963 899 1037 941 sum

94 981 250 1059 Sequebar
271 978 347 1035 enim
368 979 445 1049 banc
465 978 630 1038 doctrinam
663 979 700 1038 de
721 981 960 1065 contritionibus,
983 981 1037 1039 sed

94 1081 220 1168 quanto
226 1078 401 1137 conterebar
421 1079 530 1156 uirgis,
551 1081 636 1136 tauto
657 1077 782 1150 dolores,
804 1056 835 1139 et
857 1081 1038 1140 conscientia

93 1164 274 1256 insurgebat
286 1177 396 1253 major,
417 1184 473 1238 ιιίιυ
486 1179 627 1256 poteram
648 1178 818 1238 admittere
824 1179 1037 1238 absolutionem

55 1298 58 1303 ’
93 1281 124 1336 et
146 1276 219 1335 alias
239 1276 469 1351 consolationes,
499 1296 574 1354 quus
595 1277 800 1336 afferebant”
778 1297 812 1349 n,
840 1279 947 1354 quibus
968 1296 1038 1337 con·

93 1377 207 1439 litabor.
249 1377 300 1436 Sic
333 1377 409 1434 enirn
430 1378 608 1453 cogitabam:
651 1375 726 1440 auis
749 1379 842 1448 norit,
869 1396 907 1435 an
927 1377 1037 1436 talibus

92 1476 338 1539 consolationibus
355 1475 540 1537 credendum
561 1474 619 1534 sict
653 1475 762 1535 Postea
782 1494 854 1535 casu
876 1476 1039 1548 accidebat,

90 1596 161 1655 'cum
186 1575 268 1655 apud
297 1580 521 1654 praeceptorem
547 1593 659 1647 meum,
673 1574 711 1633 de
738 1574 785 1649 his
806 1577 878 1635 meis
899 1578 1037 1635 tentatio-

77 1680 187 1749 nibus,
210 1694 283 1753 quus
305 1693 375 1734 sune
393 1674 540 1753 ,plurimas
562 1678 593 1733 et
608 1672 733 1753 propter
749 1676 1035 1755 aetatempatiebar,

93 1774 160 1837 cnm
191 1775 292 1837 multis
324 1773 462 1847 lacrymis
496 1792 653 1849 quererer,
679 1777 715 1832 ut
734 1775 759 1831 is
780 1773 819 1833 sd
841 1793 889 1833 me
909 1775 1037 1834 diceret:

91 1875 240 1955 Filiquid
261 1872 355 1931 facist
397 1869 444 1929 An
465 1873 578 1943 nescis,
606 1871 686 1948 quod
706 1873 770 1951 ipse
791 1872 925 1947 domiuus
944 1874 1037 1950 jussit

91 1993 144 2033 nos
165 1971 311 2052 speraret
354 1969 420 2028 Hoc
447 1987 507 2029 une
529 1972 634 2029 verbo:
652 1971 743 2048 jussit
768 1969 1035 2044 its-confirmabat,

44 2090 47 2101 ‘
83 2078 125 2135 ut
153 2068 259 2133 scirem
286 2066 463 2129 absolutioni
504 2068 685 2128 credendum
715 2082 798 2142 esse,
828 2090 916 2149 quam
946 2090 1036 2150 saepe

92 2170 209 2248 quidem
231 2172 318 2227 antea
339 2166 498 2237 audieram,
520 2166 573 2226 sed
589 2169 688 2228 stultis
703 2172 927 2248 cogitationibus
943 2172 1036 2251 impe-

91 2271 171 2331 ditus
192 2287 251 2329 nou
271 2252 413 2346 putabam
433 2284 480 2326 me
501 2269 590 2327 verbo
612 2266 720 2328 debere
740 2268 878 2342 credere,
907 2271 961 2330 sed
982 2289 1035 2330 au-

94 2370 220 2440 diebam,
240 2370 381 2442 tanquam
401 2366 474 2425 nihil
494 2365 532 2425 ad
551 2385 604 2425 me·
624 2363 798 2446 pertineret.

80 2472 85 2483 “
163 2468 276 2533 'Quare
307 2446 371 2524 mee
402 2465 533 2545 exempto
567 2468 597 2524 et
628 2467 760 2546 periculo
792 2470 893 2528 moniti
930 2469 1036 2529 discite

90 2569 168 2628 banc
189 2567 354 2627 doctrinam
367 2554 600 2642 justificationis,
634 2584 723 2642 qnam
742 2585 885 2646 praesens
906 2569 1036 2628 versicu-

89 2667 141 2739 lus⁴
158 2664 301 2736 ostendit,
330 2663 409 2739 quod
436 2664 555 2740 justitia
580 2683 638 2724 non
659 2666 810 2744 contingat
830 2667 886 2726 nisi
908 2668 949 2738 ei,
984 2671 1035 2743 qni

66 2764 186 2831 ,credit
206 2765 314 2833 verbo,
343 2773 380 2822 ut
402 2760 592 2842 distinguatis
612 2764 691 2824 inter
711 2766 833 2841 verbum
847 2765 1033 2827 ‘absolventis

90 2870 122 2927 et
140 2868 271 2926 restrum
290 2863 491 2941 propositum,
525 2879 581 2921 seu
601 2863 824 2935 contritionem,
856 2865 934 2924 sicut
955 2866 1034 2926 inter

24 2954 28 2959 ’
89 2964 205 3027 coelum
238 2969 269 3023 et
288 2966 408 3021 terram.
447 2959 520 3018 Nam
551 2961 689 3021 contritio
720 2962 808 3020 etiam
830 2980 897 3050 cum
918 2979 1033 3023 summa

90 3068 121 3123 et
140 3060 356 3142 perfectissima
377 3063 438 3130 est,
467 3063 567 3118 temen
587 3064 727 3140 respectu
745 3061 880 3137 justitiae
901 3065 947 3121 est
967 3063 1033 3121 inti·
1089 3118 1093 3135 ,

87 3180 167 3223 mum
189 3160 337 3237 quiddam,
367 3160 424 3217 imo
446 3146 566 3218 merum.
579 3159 664 3231 nihil,
686 3178 743 3236 quo
764 3179 861 3236 neque
881 3177 1031 3221 meremur

21 3304 40 3339 ·,
86 3258 213 3336 eliquid,
246 3277 302 3318 uec
335 3257 538 3319 satisfacimus
581 3258 678 3323 eune
713 3260 790 3323 enim
823 3262 961 3320 meritum
983 3265 1030 3322 est

36 3362 40 3368 ”
88 3378 249 3439 agnoscere
269 3365 443 3437 peccatum,
464 3356 502 3437 ,et
523 3356 562 3417 de
581 3376 617 3417 eo
639 3357 762 3418 doleret
804 3359 906 3424 (luere
926 3358 1033 3441 procul

38 3525 41 3530 ,
87 3465 177 3518 atne
197 3457 371 3517 contritione
391 3440 492 3517 averte
513 3455 621 3529 emulos,
644 3459 700 3518 et
692 3477 722 3516 ιιι
742 3476 844 3518 vocem
855 3459 956 3521 fratris
977 3461 1032 3519 ab·

10 3590 14 3599 =
86 3556 226 3617 solventis
256 3560 318 3637 toto
339 3559 460 3634 pectere
492 3557 620 3627 intuere,
656 3576 693 3617 ne
714 3557 851 3631 dubites,
883 3559 954 3636 quin
975 3557 1029 3619 illa

85 3676 140 3718 vox
159 3657 259 3719 butria
290 3657 321 3716 in
341 3660 525 3733 sacramento
540 3673 600 3716 sen
620 3657 804 3718 absolutione
824 3656 866 3719 sit
884 3657 1029 3719 divinitus
1088 3729 1091 3733 .

92 3934 292 3996 a
495 3950 521 3995 ι
