2204 4058
383 144 709 247 rutmoxxvr.
837 210 842 221 .
979 152 1030 221 ss*

74 306 325 381 antire-omma
349 326 452 373 vonam
478 306 683 373 minitationis
703 309 733 370 in
754 302 955 370 noemaeutt·
972 305 1022 386 ju·

74 426 211 493 mrum,
245 416 337 497 idque
361 417 541 479 auctoritato
562 415 693 496 Spiritus
715 413 830 486 saneti,
862 414 1021 493 quemme

75 518 246 589 'somtonlm
278 512 417 585 ostendit.
470 520 629 609 Significat
656 504 733 580 edim
762 520 844 581 hune
876 519 1021 600 populum

74 632 147 691 esso
167 630 199 688 in
219 631 305 700 Sion,
335 631 366 688 et
391 625 556 687 secundum
582 631 733 686 externam
751 626 845 704 *regni
872 638 904 686 ot
923 642 1023 687 sacer·

76 733 153 795 dotii
174 733 304 813 speeiem
325 731 403 792 bollo
421 730 538 792 florere.
581 731 643 790 Sed
658 732 684 791 si
699 731 766 807 quis
777 733 902 809 spectet,
923 729 1020 808 qualia
1070 800 1073 805 ¹
1095 748 1100 755 ·

75 841 120 901 sit
142 837 306 899 meandum
327 837 479 916 spiritum,
501 834 612 896 videbit
632 855 699 896 esse
718 834 748 893 in
769 834 878 894 misera
896 835 1021 915 eaptivi-

76 945 160 1013 ωε,
180 941 308 1019 ideoque
326 939 460 1023 lingnam
480 930 547 1002 es'se
566 939 686 1021 plenam
706 939 829 1000 tristitia
843 942 875 999 ot
887 936 960 1001 lietu
981 941 1019 1002 ob

75 1064 132 1107 eor
151 1064 241 1107 sensa
262 1026 379 1127 peceati
399 1053 431 1108 et
446 1049 550 1108 mortis
570 1046 768 1126 pavefactum.

163 1151 247 1211 llaec
267 1157 313 1212 ast
334 1152 409 1213 lilasi
430 1152 548 1231 lingna,
577 1169 630 1211 seu
662 1169 696 1211 os
716 1151 791 1212 llosi
818 1148 940 1231 plenum
966 1138 1020 1209 db·

74 1255 204 1328 sinthio,
239 1261 272 1316 et
298 1257 495 1318 amaritudine
524 1258 642 1330 mortis,
677 1276 737 1334 qno
768 1257 859 1316 debet
883 1250 1021 1317 oecidero'

75 1378 141 1433 eos,
162 1360 212 1438 qni
226 1360 347 1422 nimium
360 1365 476 1449 vivaces
490 1365 521 1422 ot
540 1364 639 1423 securi
652 1367 731 1435 aunt,
750 1381 787 1423 aa
797 1354 1018 1423 contemnentes

74 1461 145 1525 Dei.
187 1465 248 1530 (tut
269 1471 369 1527 antem
389 1469 590 1548 captivitatem
612 1486 695 1528 auam
716 1465 893 1545 intelligunt,
912 1465 1019 1525 horam

75 1586 112 1632 os
132 1568 223 1629 debet
250 1571 366 1651 impleri
393 1575 460 1633 risu
488 1578 520 1632 et
552 1571 761 1643 exsultatione,
791 1571 848 1629 hoo
875 1573 936 1642 ost,
962 1586 1019 1650 per

75 1673 251 1754 evangelion
273 1675 362 1736 debet
382 1678 425 1737 eis
445 1675 612 1756 praedicari
632 1676 775 1736 redemtio
797 1658 966 1755 operantis
986 1678 1019 1733 et

75 1781 181 1851 morte,
202 1797 257 1859 per
269 1780 381 1841 Christi
401 1782 575 1861 sanguinem
595 1790 711 1862 parata.
751 1778 836 1840 liaeo
855 1784 902 1840 est
923 1777 1019 1861 Spiri-

74 1885 128 1943 tns
150 1885 246 1944 saneti
267 1889 426 1960 sententia,
455 1893 491 1947 nt
512 1866 615 1949 talium
633 1905 669 1945 os
690 1883 849 1965 impleatur
868 1885 941 1958 riso,
959 1883 1017 1945 hoo

74 1996 134 2063 est,
155 1990 227 2050 nihil
246 1988 328 2051 aliud
348 1990 502 2071 praedicet
524 1997 555 2052 et
575 1997 669 2064 sonet,
690 2010 779 2069 quam
800 2009 942 2052 summam
956 1990 1018 2077 Ιιο-Ι

74 2096 181 2168 tiliam,
194 2100 225 2156 et
243 2115 329 2157 voces
340 2097 534 2177 triumphales
546 2097 583 2156 de
598 2098 716 2158 Christo
727 2099 862 2158 vincente
875 2099 1017 2157 Salonam

75 2205 107 2260 et
119 2206 244 2261 mortem
258 2207 289 2261 et
305 2200 473 2262 exsolvente
485 2209 729 2282 peccotanostro.
746 2203 822 2262 llam
837 2202 916 2280 quod
929 2200 1016 2260 dieite

72 2304 136 2387 „ds
157 2306 291 2365 nostr'nm
311 2308 368 2367 erit
388 2305 543 2386 plenum,“
563 2327 621 2383 non
652 2308 709 2366 hor.
728 2312 845 2368 tantum
861 2305 1037 2387 significat,⁴

74 2409 158 2488 quod
182 2412 222 2470 ibi
251 2413 308 2471 erit
328 2431 383 2472 vox
403 2417 434 2472 et
454 2432 545 2473 sonus
566 2413 701 2492 qnidam,
722 2411 776 2472 sed
795 2409 875 2488 qnod
895 2429 928 2471 oa
949 2404 1018 2470 aim·

72 2514 195 2595 pliciter
214 2514 297 2575 aliud
317 2516 389 2575 nihil
410 2519 539 2590 sonabit,
568 2537 656 2596 quam
677 2517 770 2576 risum
790 2520 822 2577 et
841 2513 908 2576 illas
929 2533 1019 2575 evan·

72 2617 146 2698 gelli
169 2619 394 2681 consolationes.
438 2624 489 2682 Sic
514 2622 617 2703 lingna
644 2626 762 2696 nostra,
787 2620 901 2693 idest,
926 2637 1017 2703 praa·

72 2723 201 2798 dicatio,
222 2726 280 2785 erit
299 2725 389 2806 plena
410 2726 620 2800 exsultatione,
647 2728 789 2800 honest,
815 2730 911 2787 totum
931 2724 1015 2783 mini·
1094 2770 1099 2778 .

72 2830 200 2893 sterium
221 2833 278 2891 orit
299 2831 537 2893 consolatorium.
579 2833 645 2893 lloe
674 2834 802 2913 primum
832 2828 948 2890 Jndoao
969 2834 1016 2888 est

71 2932 196 3006 dietum,
217 2917 292 2994 ¹nam
313 2937 392 2996 risum
415 2935 466 2995 ille
485 2937 614 3015 primum
635 2935 801 2997 offerendus
821 2932 879 2993 luit
899 2931 943 3021 illi
962 2950 1017 3013 po·

70 3041 155 3121 pulo,
176 3041 298 3100 habenti
319 3042 540 3122 promissiones.
560 3042 628 3102 lam
648 3041 688 3101 ad
708 3045 811 3121 gentes
832 3037 920 3110 venit,
940 3054 1016 3116 qum

69 3145 162 3205 etiam
184 3148 271 3204 vocnt
291 3145 330 3205 od
350 3149 584 3208 communionem
603 3145 694 3223 hujus
716 3147 804 3205 dans.

87 3298 91 3306 .
153 3247 266 3321 „Tune
288 3248 389 3311 dicent
409 3251 487 3311 inter
507 3254 627 3331 gentas:
668 3249 778 3329 Magna
797 3246 868 3308 feeit
880 3244 1016 3308 dominns

68 3373 139 3415 eum
161 3353 256 3413 istis.“
297 3352 408 3431 Gentes
429 3355 575 3427 nominat,
598 3372 675 3433 qnae
694 3352 871 3415 naturaliter
891 3353 1027 3423 oderant¹

70 3464 104 3519 et
124 3457 318 3531 fastidiebant
349 3456 495 3530 ludaeos,
527 3454 584 3519 nee
612 3457 773 3535 quidquam
800 3459 897 3517 minus
926 3476 1014 3534 qnam

69 3563 244 3642 religionem
267 3580 368 3621 eorum
391 3567 533 3643 poterant
551 3564 640 3627 ferre.
682 3561 765 3634 liae,
786 3562 897 3638 inquit,
927 3580 1015 3641 proo-

69 3667 170 3729 dicato
190 3667 249 3729 isto
267 3668 332 3729 risu
351 3665 579 3729 admirabuntur
606 3671 637 3729 et
658 3664 875 3747 praedicabunt
894 3682 1014 3744 magna·
1057 3700 1060 3705 ,
1087 3718 1094 3729 ,
