2190 4064
360 208 710 272 trasennam.
831 267 836 279 ,
919 218 1008 278 -255

49 380 87 435 et
110 371 211 450 impio
231 372 293 438 eat,
323 367 418 424 minor
438 382 510 444 para
540 363 571 421 iu
598 363 704 443 politia
734 366 781 421 eet
809 362 949 425 obediens
979 370 1011 427 et

50 470 180 535 amana
194 469 320 528 virtutis.
362 464 465 539 ltaque
487 462 533 533 nt,
562 467 598 521 ut
628 464 725 522 omnia
752 464 811 523 rint
841 464 1011 543 plenissima

51 571 290 638 molestiarum,
323 582 390 624 cum
420 563 625 642 pulcherrimis
655 565 809 623 conatibus
831 568 861 624 et
881 566 1010 626 consiliis

53 671 192 753 pessimi
213 668 323 744 quique
343 682 409 723 cum
426 680 566 723 successu
587 668 762 742 repugnent.

152 767 217 827 Sed
238 766 297 825 noli
327 763 394 821 ideo
422 761 560 821 descrere
589 762 686 821 locum
717 768 747 821 et
778 764 950 836 stationem,
981 766 1012 825 in

56 888 159 949 quam
183 871 214 926 te
237 863 390 926 collocarit
410 862 559 932 dominus,
587 861 645 920 noli
675 861 739 921 ideo
759 860 823 923 deri
843 863 1013 925 inobediens

50 968 149 1039 Deo,
182 970 213 1026 et
234 965 363 1043 abjicere
383 980 485 1021 curam
507 961 561 1020 tibi
588 960 765 1021 mandatam.
804 960 872 1021 Hoc
900 965 1012 1042 cogite:

56 1068 154 1131 Deua
177 1065 251 1123 dixit
264 1064 307 1122 ad
329 1081 390 1133 me,
411 1064 447 1120 ut
467 1061 520 1119 aim
540 1061 698 1141 princeps,
718 1060 819 1141 poluit
838 1063 935 1121 mein
948 1082 1013 1123 rec·

60 1174 168 1229 torem
190 1164 310 1245 populi,
332 1161 458 1219 familiae
482 1165 554 1230 ete,
583 1158 659 1221 hauc
680 1160 862 1221 vocationem
883 1180 941 1222 non
962 1162 1014 1223 de·

58 1285 188 1335 seram,
218 1265 260 1323 sic
291 1261 367 1321 enim
387 1278 542 1338 peccarem
572 1263 676 1319 contra
698 1258 794 1318 Deum
825 1278 936 1333 meum,
965 1265 1013 1321 eui

59 1364 271 1427 obedientiam
292 1360 403 1430 debeo,
425 1358 477 1419 aed
498 1359 553 1418 etsi
574 1358 669 1437 maior
697 1374 768 1439 para
789 1360 829 1418 sit
849 1358 942 1433 mala,
969 1366 1014 1422 ta-

58 1482 138 1525 men
167 1462 279 1525 taciem
304 1458 431 1518 officium
459 1463 583 1537 propter
609 1457 732 1530 elector,
757 1464 883 1537 propter
906 1459 1014 1521 iratres
1079 1522 1082 1528 ,

59 1570 95 1625 et
126 1561 277 1643 proximos
305 1578 400 1630 meos,
433 1559 522 1616 orabo
544 1573 606 1635 'pro
635 1574 725 1633 pace,
753 1558 898 1619 hortabor
923 1578 1014 1632 meua,

60 1665 182 1725 luciam
196 1664 339 1737 quantum
353 1676 482 1737 possum,
496 1675 555 1715 nou
575 1660 700 1733 propter
721 1654 837 1735 vulgar,
859 1658 913 1718 aed
925 1678 1015 1739 prop-

61 1770 116 1827 ter
140 1762 266 1830 fretrus,
298 1759 348 1835 qui
369 1757 478 1816 debent
500 1755 562 1815 fieri
582 1755 744 1833 participer
764 1762 885 1819 nostrae
907 1758 1016 1819 doctri-

62 1880 139 1925 nae.
185 1860 264 1918 Sunt
294 1859 371 1917 iuter
399 1855 526 1926 nobiles,
557 1857 634 1915 inter
654 1838 794 1930 rusticor,
821 1858 901 1919 iuter
927 1861 1015 1931 cirea,

62 1964 151 2023 inter
182 1958 366 2017 adversarios
394 1955 484 2031 aliqui
512 1956 593 2026 noni,
625 1958 679 2014 out
708 1955 811 2017 saltem
841 1976 898 2017 noa
926 1958 1016 2037 piano

63 2059 219 2143 perversi,
248 2060 372 2138 propter
392 2056 445 2115 hoa
466 2055 570 2133 loquer
590 2072 688 2114 eoram
708 2054 771 2116 Deo
793 2061 823 2117 et
843 2057 1016 2130 hominihus,

67 2160 155 2241 quod
179 2162 226 2218 est
247 2158 387 2237 optimum
409 2158 464 2214 etc.

152 2256 202 2319 Ad
231 2257 308 2316 hunc
338 2256 456 2314 modum
488 2272 599 2331 expono
630 2255 709 2313 hunc
740 2272 873 2327 versum,
911 2264 946 2319 ut
977 2260 1017 2321 ait

69 2359 236 2425 eonaolatio
257 2373 311 2435 pro
333 2357 508 2432 magistratu
528 2354 648 2431 politico
670 2358 700 2411 et
721 2355 919 2415 ecclesiastico
948 2376 1018 2421 con-

69 2466 122 2523 tra
144 2458 226 2519 illam
239 2453 455 2515 multitudinem
468 2471 626 2531 pravorum
638 2452 794 2524 hominum,
815 2458 845 2513 et
858 2455 1017 2528 molestiae,

71 2578 151 2639 quaa
172 2559 231 2639 piis
252 2557 381 2636 pariunt.
424 2553 522 2613 Nostri
544 2550 676 2610 monachi
698 2551 802 2611 horum
828 2553 917 2632 plene
946 2556 1018 2615 nihil

72 2660 255 2737 intelligunt.
298 2653 394 2714 Aliam
415 2652 577 2712 molestiam
599 2651 675 2709 enim
696 2671 754 2712 non
777 2657 885 2713 norunt
898 2659 1020 2734 praeter

72 2759 176 2829 illam,
199 2775 288 2834 quarn
309 2756 366 2835 ipsi
388 2754 444 2812 sibi
466 2751 622 2810 conciliant
652 2753 690 2810 ob
721 2752 887 2831 neglectum
918 2757 1019 2814 matri-

74 2959 188 3020 aaticaa
208 2959 240 3014 et
258 2954 394 3034 politicae
416 2951 564 3009 molestias
587 2970 645 3009 non
662 2953 803 3012 sentiunt.
848 2953 926 3016 (luia
942 2956 1020 3013 euim

73 3058 217 3139 princepe
239 3053 341 3113 mundi
363 3053 404 3112 eis
417 3070 474 3111 nnn
496 3049 678 3120 adversatur,
699 3050 753 3110 sed
776 3052 1018 3131 largituromnia,

74 3154 164 3217 facile
186 3155 230 3213 eis
252 3156 299 3211 eat
318 3170 432 3231 regere.
473 3151 557 3209 Nunc
580 3154 678 3209 autem
698 3155 893 3229 perverbum
926 3155 1020 3216 ecele-

76 3258 139 3317 aiae
159 3255 346 3335 purgantur,
369 3254 399 3309 et
418 3251 610 3328 magistratus
637 3254 719 3311 recte
748 3251 872 3312 docetur
899 3255 936 3314 de
965 3274 1018 3314 suo

77 3354 193 3415 cilicio:
221 3352 296 3411 furit
318 3353 409 3410 Satan
432 3352 509 3409 sicut
538 3354 643 3428 potens
671 3351 702 3407 in
729 3352 819 3422 atrio,
848 3373 915 3413 cum
941 3357 1021 3413 venit

77 3452 230 3535 potentior
250 3454 282 3510 et
300 3450 410 3509 fortior.
453 3449 486 3506 ln
505 3447 551 3507 hia
571 3448 711 3508 molestiis
733 3452 845 3510 animoa
867 3453 1021 3512 obfirman-

78 3553 136 3613 dua
159 3556 221 3623 est,
244 3554 276 3610 et
296 3548 494 3628 cogitandum,
515 3549 593 3607 sicut
612 3549 669 3607 ista
685 3547 809 3625 jubente
830 3552 942 3610 Satana
961 3570 1019 3610 non

78 3655 188 3733 coepta
215 3654 303 3722 aunt,
332 3650 375 3711 ita
402 3649 490 3709 etiam
519 3666 552 3707 co
579 3646 743 3708 reluctante
772 3668 829 3709 uon
856 3650 1022 3731 abjicienda
