2190 4064
361 168 586 269 'ln-Puln.
609 204 726 267 Grad.
760 256 764 271 ,
937 173 1001 273 257·

33 354 223 451 ,pontificias
243 366 318 425 istae
338 363 492 423 unctiones
515 361 618 436 quovis
645 363 777 423 stercore
805 366 837 421 et
864 362 940 423 oleto
970 365 1024 423 in·

29 468 147 532 usulis
168 465 225 526 Dei
246 470 278 525 ct
298 462 441 523 ecelesiae
461 460 607 524 foediores
629 461 697 519 sint.

64 631 70 639 ,
133 568 218 645 Ergo
240 582 297 623 aon
313 565 356 623 ita
376 562 550 640 simpliciter
569 560 822 639 pronuntiandum
839 564 897 621 est:
919 562 1002 623 Deus

44 668 184 731 aterius
205 682 267 723 non
289 662 412 733 colitur,
440 680 497 721 neo
518 659 584 719 ideo
607 660 703 719 omnia
720 661 850 723 ‚ridenda
870 667 941 723 sunt
971 665 1002 723 in

46 768 140 831 cultu
160 764 234 835 Ilei,
262 781 339 841 quae
368 764 490 819 externa
517 754 668 836 sunt14).
710 761 787 821 Cum
816 765 893 823 enim
919 762 1028 824 Deus·

24 893 27 900 ·
52 868 93 929 de
112 866 233 925 festum
252 861 396 938 loquitur,
412 863 528 919 tantum
548 861 688 919 momenti
710 860 904 922 adlestucam
917 864 1004 925 atlert

50 969 187 1037 verbum,
208 981 245 1023 ac
258 963 283 1021 si
298 962 336 1027 do
349 960 412 1020 sole
426 961 492 1039 ipso
512 960 695 1036 loqueretur.
738 960 884 1021 Proianus
901 964 1003 1041 itaque

52 1082 154 1128 urano
175 1066 231 1133 est,
252 1078 360 1138 aquam
379 1061 521 1138 baptismi
540 1060 657 1119 tautum
679 1059 779 1119 dicere
800 1068 867 1121 esse
887 1049 1042 1139 aquam,='

54 1184 125 1227 cum
147 1180 226 1239 aqua
245 1160 386 1241 baptismi
406 1159 515 1219 habeat
530 1158 664 1221 additum
685 1160 822 1232 verbum,
850 1165 881 1221 et
902 1162 1004 1224 similis

54 1268 96 1327 sit
111 1264 193 1323 ferro
215 1260 356 1321 candenti
375 1277 428 1318 seu
449 1259 550 1338 ignita
572 1257 652 1334 quod
673 1258 752 1319 sicut
772 1278 877 1320 revera
892 1260 1004 1327 serrum

10 1373 17 1382 '
54 1368 119 1437 est,
148 1364 192 1422 ita
218 1360 307 1421 etiam
328 1377 434 1418 revera
457 1365 504 1417 est
523 1358 616 1436 ignis,
646 1362 677 1418 et
697 1359 794 1418 omnia
813 1360 899 1435 facit,
927 1382 1005 1439 quas

53 1466 135 1545 ipris
163 1461 249 1522 solet.
300 1459 361 1519 Sed
390 1460 513 1519 verbum
541 1459 572 1517 in
602 1476 681 1534 aqua
708 1458 811 1519 rident
838 1466 869 1521 et
896 1470 1006 1525 norunt
1043 1466 1046 1471 '

25 1564 38 1631 ,’
56 1564 112 1626 soli
142 1562 200 1641 pii,
228 1576 320 1619 vacca
347 1562 400 1619 aut
420 1560 502 1618 canis
529 1561 645 1616 tautum
673 1578 781 1635 aquam
809 1561 899 1621 videt.
940 1564 1005 1625 llos

56 1662 181 1725 caninos
203 1663 234 1718 et
254 1661 390 1719 vaceium
411 1658 511 1718 oculos
533 1656 571 1715 ad
593 1676 679 1717 sacra
700 1658 827 1720 afferunt
848 1661 925 1723 tales
945 1661 1007 1723 dis-

54 1766 232 1843 putotores,
254 1761 305 1834 qui
327 1759 364 1818 de
385 1759 559 1818 ceremoniis
580 1760 697 1815 tantum
715 1758 869 1835 judlcnnt,
898 1766 934 1837 ut
955 1783 1005 1823 eas

56 1862 176 1931 vident,
197 1877 258 1918 nou
278 1858 366 1919 etiam
387 1876 475 1916 aures
496 1856 632 1928 afferunt,
653 1862 688 1916 ut
708 1859 837 1931 audiant,
859 1881 898 1920 au
918 1861 1009 1924 habe·
1086 1868 1093 1879 '

15 1984 20 1997 ·
57 1966 112 2023 aut
130 1946 362 2041 promissionem·
377 1966 429 2017 aut
449 1958 620 2016 mandatum
640 1957 704 2017 Dei.

143 2059 304 2121 Praedieat
324 2060 415 2138 igitur
436 2057 533 2116 Darid
554 2076 639 2119 suam
659 2045 855 2120 Hierusalem.
899 2064 931 2121 Si
943 2083 1007 2122 mu-

13 2211 18 2220 .
57 2183 111 2225 ros
134 2168 164 2223 et
185 2163 245 2222 alia
266 2159 399 2219 aedilicia
428 2162 560 2236 spectes,
589 2160 684 2218 Roma
711 2159 798 2238 longe
825 2163 962 2223 nobilior·
976 2170 1007 2225 et

59 2265 179 2344 dignior
200 2267 264 2333 est,
292 2260 440 2336 adquam
462 2258 654 2336 spectandam
681 2256 813 2319 homine's
842 2264 1006 2323 conllrrunt:

59 2364 115 2441 sed
136 2365 161 2425 si
178 2361 307 2423 ¹uerbum
328 2358 587 2439 spectesridebis
609 2358 687 2416 illam
705 2359 893 2420 Hierusalem
914 2368 1008 2423 torre·

52 2482 131 2535 ,nam
152 2480 219 2523 esse
240 2462 368 2540 positam
388 2460 419 2516 in
440 2460 550 2536 gremio
577 2457 647 2528 Dei,
677 2464 707 2517 et
728 2479 827 2519 omnes
849 2463 914 2539 ejus
934 2462 1009 2542 lapi-

35 2564 117 2623 'dea
146 2554 235 2623 'omni
271 2576 343 2619 auro
372 2563 402 2617 et
431 2556 552 2635 gemmis
576 2575 641 2615 esse
669 2561 868 2637 pretiosiores⁴
913 2565 964 2623 Sic
985 2566 1011 2622 si

60 2656 200 2741 sequmi's
221 2658 337 2730 oculos,
365 2658 489 2716 Mariam
510 2656 662 2734 gravidam
684 2678 749 2719 esse
771 2665 801 2721 et
820 2666 939 2722 uterum
959 2683 1011 2743 ge-

61 2763 154 2825 star'e-
168 2761 269 2831 vides,
291 2759 368 2818 sicut
389 2756 462 2815 alias
480 2756 655 2833 juvenculas
677 2760 825 2843 foeminas,
849 2762 1010 2838 quidenim

10 2914 12 2923 .
62 2862 149 2923 aliud
168 2860 248 2922 oculi
258 2856 450 2938 judicarentl
473 2856 534 2915 Sed
548 2876 615 2917 cum
629 2861 750 2918 verbum
767 2865 908 2936 sequeris,
930 2864 1016 2940 quod

61 2962 153 3034 dicit,
175 2977 218 3021 er·
232 2960 348 3040 Spiritu
369 2961 472 3017 sancto
494 2975 560 3017 esse
588 2954 754 3037 graridam,
783 2964 813 3018 et
841 2960 951 3023 habere
979 2967 1010 3023 in
1054 2996 1072 3028 ς

59 3066 149 3123 utero
170 3060 263 3119 lilium
284 3058 354 3129 Dei,
381 3056 551 3137 perquem
579 3056 693 3116 coelum
722 3064 753 3117 et
782 3064 862 3119 terra
891 3064 1012 3124 condita

61 3165 149 3231 sunl,
177 3180 216 3220 au
243 3178 301 3217 non
329 3157 379 3215 hic
413 3158 516 3234 ingens
551 3156 708 3215 discrimen
737 3161 903 3220 ostenditur
933 3165 1012 3224 inter

60 3262 190 3324 Mariam
211 3257 364 3339 gravidam
385 3262 415 3315 et
443 3257 515 3315 alias
542 3257 731 3317 mulierculas
752 3261 911 3339 gravidast
953 3265 1012 3324 llic

60 3364 163 3423 omnia
188 3363 260 3421 sunt
287 3357 431 3428 humana,
459 3358 527 3415 istic
554 3361 653 3415 autem
681 3361 778 3417 onrnia
806 3360 904 3422 (lirina
933 3368 1010 3434 sunt,

60 3468 94 3525 et
115 3465 200 3522 recto
222 3459 333 3520 dicitur
352 3457 412 3534 jam
434 3456 528 3515 Maria
550 3457 766 3517 sanctificatum
787 3462 930 3540 templum
948 3463 1011 3533 llei,

59 3564 92 3623 in
117 3580 176 3639 quo
198 3562 264 3641 ipse
286 3556 368 3616 Deus
389 3557 504 3617 habitat
525 3558 728 3637 corporaliter,
749 3564 854 3621 uterus
876 3560 1026 3627 etlatera,

137 3676 187 3745 1⁴)
210 3672 329 3727 Exsonat
348 3672 437 3727 cultus
458 3671 485 3725 in
505 3672 640 3728 ecclesia.
