2190 4064
118 202 181 265 atu
434 198 739 263 Praeloetiouer

119 372 194 425 esse,
215 356 268 412 aut
288 351 482 411 deserendam
501 354 690 427 vocatiouem,
713 352 766 415 sed
786 354 1062 422 serviendum-esse

117 454 213 531 primo
234 452 291 530 ipsi
319 451 433 511 domiuo
461 458 576 524 nostro,
608 454 715 513 deiude
744 456 833 514 etiem
858 456 1007 521 iratribus
1032 465 1061 521 el

118 553 256 630 proximis
275 553 392 622 uostris,
414 571 486 627 quos
509 572 598 631 saepe
619 572 674 612 uec
694 552 827 613 ridemus
847 558 1058 617 necuorimue.

116 652 245 731 Propter
265 651 318 709 hos
340 651 481 710 ecclosias
509 651 622 723 doceri,
650 652 836 730 respublicae
867 659 978 715 uutem'
996 658 1057 737 reqi

117 753 241 821 debent,
268 769 327 809 nou
343 756 467 829 proptor
486 750 641 810 muudum:
668 752 694 811 is
718 770 776 811 uou
798 751 908 832 dignus
937 760 999 829 est,
1024 760 1057 817 ut

116 853 166 912 fur
185 851 401 929 suspendatur,
431 856 483 911 aut
512 851 661 930 plectatur
682 851 778 931 capite
798 840 958 915 homicida.
998 854 1055 927 set

118 950 252 1009 domiuus
273 951 304 1007 in
324 948 431 1019 coelis,
453 954 483 1009 et
504 949 610 1009 tratres
632 970 668 1009 oc
688 952 811 1029 proximi
833 953 865 1010 iu
885 957 971 1015 terra
989 958 1055 1017 suu

116 1050 198 1128 digni
218 1050 273 1108 boc
294 1048 388 1108 officio
407 1050 613 1129 magistratus,
635 1052 712 1110 sicut
732 1051 868 1129 subjicit:

114 1148 170 1210 lic
219 1150 389 1229 Propter
431 1148 576 1209 domum
624 1149 765 1209 domini
812 1148 883 1211 Dei
927 1152 1050 1213 nostrl

390 1265 534 1323 quaero
565 1250 661 1308 bono
695 1250 779 1309 tibi.

195 1348 296 1407 Prima
318 1347 408 1418 ratio,
433 1366 488 1405 cur
515 1352 580 1406 oret
600 1352 631 1406 et
651 1350 726 1406 bene
745 1353 903 1427 precetur,
931 1357 991 1423 eet,
1018 1354 1048 1411 ut

114 1450 223 1511 serviat
238 1449 388 1518 fratribus,
409 1465 466 1522 nou
482 1448 596 1526 ingrato
610 1452 641 1507 et
654 1466 794 1527 perverso
808 1449 928 1522 mundo,
951 1465 1046 1511 secuu-

114 1551 153 1610 do
172 1554 231 1620 est,
251 1551 286 1607 ut
306 1548 393 1606 etiam
413 1545 477 1606 Deo
498 1548 657 1619 servietur,
679 1553 709 1606 et
730 1553 924 1609 conservetur
948 1550 1042 1611 domus

112 1650 178 1719 illa,
213 1650 244 1707 iu
271 1666 332 1723 quo
359 1646 441 1706 Deus
466 1646 611 1723 loquitur,
645 1646 729 1705 audit
754 1665 868 1727 preces,
890 1653 947 1709 etc„
987 1648 1043 1709 llos

113 1750 202 1809 dohet
223 1749 295 1807 satio
321 1746 397 1805 lucri
425 1766 490 1805 esse
518 1748 590 1826 piis,
622 1748 645 1806 si
675 1745 725 1823 qui
754 1748 823 1806 meli
851 1753 1042 1819 contemnunt,

112 1849 274 1911 autetiam
295 1864 401 1905 nocere
421 1847 478 1923 piis
506 1852 665 1916 conantur,
692 1846 748 1905 erit
768 1864 836 1904 eum
865 1847 980 1909 dabunt
1001 1838 1039 1909 ni

111 1951 277 2009 contemtus
305 1949 336 2004 et
358 1946 515 2023 impietatis
546 1946 619 2003 satis
647 1964 769 2023 magnas
797 1938 919 2025 poenas.
961 1946 1040 2009 lluble

108 2049 165 2108 hoc
187 2047 259 2105 setis
282 2046 338 2115 sit,
368 2044 547 2119 quaesivisse
579 2044 703 2102 salutem
723 2045 846 2124 proximi
875 2052 906 2107 et
933 2064 1038 2109 ceusu·

109 2148 256 2206 rationem
279 2144 376 2203 cultus
397 2143 461 2200 Dei.
504 2143 605 2218 Neque
627 2146 703 2203 euim
725 2145 842 2203 domum
863 2146 913 2207 bie
943 2144 1037 2207 intelli·
1066 2137 1070 2153 '

110 2266 180 2326 gere
202 2245 292 2304 debes
312 2242 426 2322 lapides
449 2246 479 2300 et
499 2242 593 2319 ligna,
621 2244 675 2302 sed
701 2243 813 2303 cultum
839 2244 912 2318 Dei,
940 2244 1035 2325 quil!

109 2348 167 2405 isto
188 2344 272 2403 domo
294 2344 494 2402 exercebatur.
535 2342 636 2418 Neque
659 2346 734 2402 euim
761 2344 818 2403 luit
838 2344 908 2404 tulis
935 2346 1037 2415 (lomus

107 2447 138 2505 in
160 2465 220 2523 qua
239 2445 311 2503 nihil
332 2448 486 2523 ageretur:
506 2442 636 2502 homines
658 2444 697 2500 ibi
718 2445 856 2517 orabunt,
885 2444 1034 2505 docebatur

107 2548 148 2606 ibi
168 2547 289 2604 verbum
311 2544 374 2614 Dei,
396 2544 477 2602 Deus
499 2548 597 2602 autem
616 2542 753 2601 audiebat
774 2562 888 2622 preces,
910 2550 942 2605 et
956 2546 1034 2605 dibu

108 2645 241 2714 oracula,
263 2646 339 2703 sicut
360 2662 451 2721 supra
471 2662 588 2721 quoque
610 2641 795 2702 dictumest
905 2710 909 2715 ,
1029 2627 1034 2640 ’

174 2742 250 2811 ,Sed
275 2761 329 2801 cur
349 2742 433 2801 addit
453 2743 527 2813 „Dei
549 2743 677 2802 uostri‘l
700 2742 767 2801 ldeo
788 2743 918 2817 scilicet,
947 2749 981 2806 ut
996 2745 1034 2805 iu-
1064 2783 1069 2792 -

107 2843 260 2922 telligatur
281 2841 318 2901 de
339 2842 391 2901 tali
411 2841 474 2901 Deo
495 2841 583 2916 loqui,
606 2842 655 2917 qui
669 2841 747 2900 huuc
762 2843 905 2921 populum
921 2846 1034 2905 circuu-

107 2946 200 3003 cisum
232 2944 344 3002 lecerat
372 2959 458 3001 suum
492 2939 643 3018 populum.
693 2940 777 3000 Haec
806 2959 926 3023 quoque
954 2958 1034 3005 carn

106 3047 169 3112 est,
190 3061 244 3101 cur
265 3061 337 3110 non,
359 3037 596 3110 siemundus,
624 3046 748 3115 quaeret
768 3041 877 3099 malum
901 3043 972 3105 buic
988 3060 1035 3123 pu·

106 3140 193 3221 pulo,
224 3124 450 3217 aut'frengatur
471 3139 535 3196 istis
561 3137 701 3198 molestiis
722 3141 849 3219 politicis
871 3145 903 3201 ct
923 3140 1035 3205 ecclecl-

106 3241 214 3310 asticis,
237 3240 288 3298 sed
305 3244 459 3317 postquam
477 3240 599 3294 vocatus
611 3240 697 3296 estin
710 3258 810 3318 regem
824 3246 855 3299 et
866 3244 1035 3322 propbeta!

106 3339 195 3416 hujus
221 3338 334 3417 populi,
364 3336 509 3415 perdurat
537 3339 567 3393 et
592 3338 760 3397 consolatur
786 3359 818 3398 se
849 3340 896 3399 hie
918 3340 1036 3413 duobus

106 3441 186 3516 quod
211 3440 319 3498 serviat
348 3436 474 3515 primum
501 3434 658 3505 iratribus,
694 3437 800 3496 deiude
835 3439 954 3499 domiuo
979 3460 1036 3513 suu

106 3540 184 3615 quod
205 3557 263 3598 uon
284 3538 322 3595 sit
343 3534 453 3593 inutilis
474 3551 590 3604 servus,
616 3535 760 3610 siquidem
780 3538 939 3600 fruetificat
969 3540 1036 3613 Deo,
1082 3599 1085 3623 ἲ

106 3643 139 3697 ut
170 3636 360 3716 glorificetur,
399 3639 429 3693 et
457 3633 602 3713 proximo,
637 3640 672 3694 ut
700 3636 838 3697 salvetur.
881 3636 930 3699 Ad
962 3642 1038 3703 bunc
