2190 4064
108 210 167 269 144
445 207 655 269 Enarratis

103 379 171 421 mus
192 378 256 421 eam
278 357 341 420 fiori
363 359 587 435 renouando,
608 362 664 422 scd.
678 363 716 424 ab
737 364 803 442 ipso
815 364 934 444 Spiritu
944 371 1065 429 sancto.

102 462 178 520 Nam
203 461 280 518 inira
302 464 447 538 patescet,
469 462 547 537 quod
570 463 653 522 nulla
675 463 735 522 alia
754 466 850 543 possit
868 465 968 543 major
989 487 1065 527 con·

105 548 221 639 tingere
243 559 411 631 consolatio,
435 580 523 637 quam
545 565 570 621 si
593 565 670 622 scias
693 565 730 621 ab
751 562 815 643 ipso
837 563 902 623 Deo
925 566 970 625 sic
991 584 1066 645 pro-

104 661 249 731 nuntiari,
283 660 364 736 quod
397 680 460 739 non
486 661 618 740 indigeat
640 664 783 741 sanguine
804 662 984 738 taurorum,
1005 686 1066 727 nec

105 762 172 835 aliis
205 762 317 829 uostris
350 763 499 847 operibus,
530 762 692 842 secundum
713 761 803 820 illud:
843 763 992 833 „Frustra
1014 786 1066 826 me

104 861 210 920 colunt
230 860 376 921 mandatis
397 848 576 938 hominum‚“
595 862 648 919 sed
667 860 812 927 sacrificia
829 861 929 921 divina
949 870 982 924 et
997 866 1066 944 pla-

56 989 58 995 ·
102 963 201 1021 cantia
220 960 283 1019 Deo
304 980 370 1019 esse
392 962 528 1039 spirltum
556 962 716 1019 contritum
738 966 768 1023 et
789 980 841 1020 cor
860 962 1062 1027 humiliatum.

105 1114 110 1119 .
185 1061 342 1130 Socarndo,
373 1080 431 1119 nou
453 1058 549 1119 solum
573 1059 705 1119 traditur
725 1059 775 1119 hic
794 1060 847 1119 illa
866 1062 994 1125 Judaeis
1016 1068 1064 1125 in·

102 1162 266 1235 tolerabilis
296 1160 447 1217 distinctio
482 1158 641 1229 sacerdotii
664 1142 722 1218 ¹et'
738 1160 969 1233 sacrificiorum,
1004 1166 1061 1225 sed

103 1264 190 1321 ellam
211 1261 391 1339 prdponitur
411 1264 471 1317 tam
490 1258 626 1335 jucunda
647 1262 678 1317 et
699 1262 798 1319 suavis
816 1260 1055 1341 descriptioliei¹

97 1358 139 1420 ¹ut
170 1362 216 1419 ris
247 1378 372 1436 usquam
408 1361 573 1417 suaviorem
602 1360 734 1418 iuvenire
760 1362 867 1439 possis.
907 1364 1058 1442 Specula-

101 1462 162 1519 iiaa
182 1459 329 1518 definiunt
358 1460 455 1518 Deum
484 1457 724 1517 similitudinibus
752 1460 947 1535 quibusdam,
975 1464 1057 1541 quod

99 1558 183 1619 Ileus
201 1562 240 1618 sit
261 1564 409 1631 centrum,
441 1558 521 1635 quod
541 1560 651 1635 ubique
673 1562 727 1631 est,
747 1562 779 1618 et
800 1560 949 1639 sphaera,
977 1583 1076 1640 qnso.

99 1678 246 1737 nusquam
264 1650 325 1721 est.
367 1661 428 1737 Sed
449 1660 522 1718 haec
539 1658 746 1719 mathematica
767 1664 797 1718 et
818 1660 944 1739 physica
973 1670 1052 1735 sunt,

100 1779 177 1835 qnae
207 1778 261 1819 nos
281 1760 476 1835 relinquimus
498 1746 562 1817 aliis
592 1759 819 1837 professoribus.
862 1760 936 1819 Num
969 1764 1053 1823 theo-

97 1857 225 1935 logicam
258 1858 457 1917 definitionem
480 1860 667 1934 quaerimus,
703 1878 738 1917 oa
759 1846 818 1917 non
838 1843 887 1919 est
918 1860 1049 1923 definitio
1079 1897 1083 1907 ι

100 1959 248 2016 essentiae
284 1958 414 2028 divinae,
454 1976 530 2033 quae
566 1959 870 2034 incompreheusibilis
902 1964 961 2031 θεῖ,
993 1960 1047 2021 sed

97 2056 258 2136 voluntatis
281 2057 456 2127 stellartius,
479 2054 549 2132 quid
568 2055 595 2114 ei
615 2054 741 2133 placeat,
756 2058 828 2135 quid
843 2078 901 2119 non
913 2045 1048 2138 placeat.

97 2157 201 2232 Neque
235 2158 312 2214 onim
344 2157 508 2234 principem
530 2156 625 2224 saevit,
659 2160 712 2232 qui
744 2162 907 2236 potentiam
927 2164 958 2218 et
977 2178 1048 2238 opes

97 2258 195 2326 novit,
229 2256 283 2314 sed
307 2258 356 2331 qui
378 2255 502 2314 allectus
526 2258 556 2313 et
578 2256 700 2316 consilia
721 2247 818 2317 ommia
837 2260 983 2338 principis
1004 2262 1048 2319 iu-

96 2357 215 2435 telligit.
260 2357 311 2437 Sic
333 2359 402 2415 anto
435 2354 536 2413 oculos
568 2359 639 2414 suut
665 2359 775 2416 creatio
800 2357 903 2416 mundi
932 2362 964 2418 ot
996 2376 1047 2438 po-

96 2459 192 2516 tentia
213 2456 278 2516 Dei.
322 2456 382 2514 Sed
411 2454 468 2513 ho'c
496 2460 588 2533 caput
608 2459 655 2515 est
681 2460 772 2529 scire,
804 2475 862 2533 quo
883 2456 1064 2519 fiueaesseus-

95 2557 294 2626 leocritiam,
323 2562 354 2613 et
374 2572 432 2630 quo
454 2554 584 2613 consilio.
606 2553 712 2615 ‘'Hanc
743 2557 938 2633 cognitionem
957 2577 1046 2638 prae·

96 2674 166 2714 sens
187 2672 292 2712 versus
313 2653 419 2731 psalmi
452 2672 518 2712 cum
551 2655 696 2735 singulari
729 2656 876 2715 suavltate
895 2658 1045 2735 proponit,

97 2753 177 2829 quud
198 2752 313 2811 scilicet
333 2751 415 2811 Deus
437 2752 477 2810 sit
497 2752 668 2827 lalisDeus,
691 2755 741 2829 qui
760 2754 888 2815 finaliter
907 2756 983 2815 nihil
1002 2756 1046 2816 l'a-

94 2854 155 2913 ciat
175 2850 271 2922 aliud,
307 2862 394 2927 qu'am
427 2854 461 2909 ut
483 2852 641 2923 contritos,
677 2858 815 2924 vexatos,
850 2857 1045 2937 perturbatos

93 2954 237 3031 respiciat
256 2969 301 3010 ac·
314 2956 407 3021 amet,
430 2955 461 3008 et
481 2950 561 3026 quod
585 2952 624 3009 sit
643 2952 726 3010 Deus
748 2953 901 3013 humilium
923 2960 954 3014 et
975 2952 1052 3015 con?

93 3051 313 3111 tribulatorum.
355 3050 441 3108 llanc
476 3048 673 3109 definitionem
705 3052 730 3110 si
758 3054 824 3128 quis
846 3053 942 3113 animo
965 3073 1044 3113 com-

92 3151 185 3231 plecti
214 3153 332 3228 possct,
362 3151 387 3208 is
418 3155 498 3209 esset
531 3148 694 3227 theologus.
737 3154 839 3229 Neque
859 3153 937 3210 enirn
959 3153 1042 3213 Deus

91 3254 122 3309 in
141 3250 298 3326 majestate
320 3254 350 3308 ct
370 3249 502 3328 potentia
523 3249 706 3326 apprehendi
726 3257 835 3330 potest.
876 3251 945 3310 ldeo
966 3253 1041 3312 haec

92 3350 224 3409 delinitio
257 3349 340 3407 nobis
371 3350 552 3407 voluntalem
574 3347 629 3407 {lei
652 3352 767 3428 aperit,
795 3351 874 3428 qnod
896 3353 935 3410 sit
956 3352 1039 3413 Deus

90 3469 150 3510 non
171 3450 292 3518 mortis,
325 3448 494 3520 seduliae,
527 3465 585 3505 non
620 3450 813 3527 perditionis,
849 3451 904 3511 sod
923 3453 1038 3524 salutis,

91 3570 150 3611 non
170 3542 263 3609 hostis
284 3547 438 3607 humilium
460 3553 490 3607 ot
509 3546 703 3627 perditorum,
726 3551 780 3610 scd
800 3556 913 3614 amator
934 3557 965 3613 ct
985 3554 1038 3613 ad-

498 3914 650 3986 A*
