2190 4064
9 240 12 247 ’
105 212 164 317 idi
237 224 245 239 ’
313 327 318 335 .
473 251 680 317 Praefatio.
794 270 798 277 ·

101 404 349 475 necessitatem
379 408 415 464 ut
435 423 500 485 nos,
532 406 584 483 qui
604 424 726 466 numero
746 404 837 489 ionga
857 424 965 469 sumus
986 406 1058 471 ms

101 505 212 574 riores,
233 502 296 563 Deo
316 507 419 565 nostro
440 505 618 577 serviamus,
646 523 772 582 eumque
801 505 981 581 ¹inundemus,
1007 508 1057 587 qui

104 607 136 663 et
156 602 234 661 hanc
254 584 345 661 vitam
366 601 457 675 dedit,
479 609 510 663 et
530 605 660 663 suturam
675 604 819 681 promisit
863 604 947 666 Tum
968 604 1061 669 atiam'

24 766 28 779 ¹
94 702 272 781 ,periculum
300 707 435 769 nostrum
455 720 509 761 nos
532 704 686 773 admonet,
717 722 754 761 ne
783 686 880 765 saturi
902 706 1008 769 acedia
1026 710 1056 767 et

102 801 224 863 tundis
246 803 334 861 etiam
364 820 423 860 non
454 792 721 862 animadvertentes
749 809 940 885 occupemur.
984 806 1056 867 itan

103 901 257 962 matidiam
277 905 445 961 contemtus
467 904 612 978 sequitur,
633 905 814 962 contemtum
835 907 939 963 autem
971 904 1056 985 punit

100 999 188 1073 ‚Deus
209 1002 261 1071 sic,
281 1007 317 1060 ut
336 1001 458 1059 verbum
479 1000 569 1079 piane
590 1000 684 1072 tollat,
663 1003 784 1061 tsicut
796 1005 949 1082 papatus
940 1005 1054 1085 insigne

106 1071 317 1160 documentum
348 1103 395 1160 est
407 1098 454 1158 ed
482 1102 580 1161 omnia
606 1103 758 1180 temporo,
789 1102 819 1160 in
838 1120 914 1179 quo
911 1102 997 1165 haec
1015 1102 1056 1165 sic
1076 1092 1093 1165 .’

105 1198 240 1260 videmus
262 1200 989 1278 contigisse..

187 1298 322 1378 Exposui
342 1316 457 1370 causes,
481 1316 535 1357 cur
556 1299 770 1365 enarrationem
786 1299 971 1380 psalmorum
991 1320 1071 1385 prs-⁴

106 1398 200 1458 duum
220 1400 421 1477 susceperim,
439 1401 474 1458 ιιι
495 1396 609 1456 scilicet
628 1397 707 1457 haue
725 1398 828 1457 horam
849 1420 1056 1489 consecremus
1090 1420 1093 1425 ·

105 1502 209 1559 nostro
237 1497 407 1571 redemtori,
439 1503 470 1558 et
507 1498 535 1556 ei
556 1494 765 1569 sacrificemus,
796 1517 832 1558 ac
863 1494 921 1580 pro
948 1502 1056 1565 nostris

49 1586 79 1673 ,⁵
105 1600 219 1659 viribus
233 1650 236 1655 .
250 1600 394 1679 primum,
435 1598 600 1659 secundum
637 1600 667 1655 et
700 1597 823 1656 tertium
858 1607 1054 1682 praeceptum

98 1700 329 1779 ‚praedicatione
349 1697 569 1759 misericordiae
588 1695 645 1757 Dei
672 1700 754 1756 recte
783 1697 971 1776 impleamus,
992 1720 1057 1763 cum

105 1799 218 1876 alioqui
248 1802 329 1857 totus
357 1796 486 1857 mundus
508 1802 613 1857 contro
644 1795 717 1855 haec
737 1800 1057 1882 praeceptablasphc-

44 1888 53 1905 “
106 1896 216 1955 mando
237 1895 334 1954 Deum
354 1899 476 1974 peccet,
505 1900 536 1956 et
564 1895 692 1955 libenter
712 1914 829 1972 quoque
852 1918 904 2001 vos
925 1900 1057 1973 exhorte-

61 2000 65 2007 “
107 1999 246 2055 iussum
274 1997 379 2052 contra
406 1994 538 2053 acediam
559 1997 598 2051 et
624 1988 783 2054 fastidium.
827 1988 888 2055 Si
891 1998 971 2057 onim
1008 1996 1058 2058 oli·
1088 2072 1092 2079 ¹

110 2093 191 2185 quod
218 2092 372 2151 doctrinae
399 2095 520 2151 nostrae
552 2093 718 2171 periculum
749 2097 895 2166 imminet,
939 2100 977 2157 ab
1005 2098 1058 2157 hoc

99 2177 180 2263 ¹vitio
200 2192 341 2251 imminet.
369 2191 539 2251 Haeretici
557 2193 588 2251 et
608 2194 725 2265 sectae,
747 2196 805 2255 etsi
824 2196 953 2257 multum
973 2216 1058 2259 uoce·

46 2311 50 2325 ·
111 2296 181 2365 ant,
202 2295 303 2353 tamen
322 2292 379 2353 hoc
399 2294 506 2379 agunt,
533 2294 569 2350 ut
589 2310 643 2351 nos
664 2299 786 2372 cogant
791 2295 831 2353 ad
851 2280 1059 2355 sacrarumii·
1084 2372 1088 2379 .

111 2396 245 2452 terarum
266 2390 436 2471 diligentem
458 2391 661 2470 cognitionem
706 2392 766 2451 Sed
786 2393 860 2454 haec
880 2397 990 2478 pestis,
1017 2396 1060 2457 ta·

100 2481 232 2567 3stidium
261 2492 352 2563 verbi,
376 2492 417 2555 in
439 2491 616 2571 nobisipsis
637 2493 785 2564 nascitur,
813 2496 842 2551 et
863 2508 897 2551 eo
917 2493 989 2580 plus
1009 2513 1060 2575 pe-

108 2591 197 2652 riculi
217 2588 454 2667 adartensium
489 2592 587 2655 minus
616 2592 766 2651 observari
798 2610 816 2650 n
844 2592 929 2652 nobis
949 2599 1058 2675 potest.

93 2671 194 2749 ¹'l'urn
213 2692 313 2749 autem
334 2694 417 2751 certa
438 2692 569 2751 Satanae
587 2691 712 2783 victoria
732 2695 801 2761 est,
820 2710 888 2750 cum
907 2711 963 2755 nos
984 2700 1060 2757 ster-

111 2790 196 2861 tere,
214 2791 245 2848 et
265 2790 364 2849 securi
382 2807 419 2850 ιι
441 2770 537 2901 saturi
558 2809 624 2850 esse
644 2774 837 2869 coeperimus

37 3190 42 3199 ,
114 3116 187 3193 DE
211 3116 409 3224 TITULO
436 3116 765 3209 PSALMORUM
786 3120 1061 3201 GRADUUM.

19 3282 22 3291 '
51 3348 55 3355 ,
76 3344 81 3355 ,
196 3285 329 3347 Primum
350 3286 485 3365 quaestio
505 3286 557 3348 hic
576 3292 624 3349 est
639 3263 677 3349 de
691 3288 778 3351 titulo
796 3291 1018 3373 psalmorums
1010 3313 1064 3357 cur

74 3440 78 3445 .
102 3385 248 3466 ¹inscripti
268 3387 331 3447 siut
348 3386 456 3467 psalmi
475 3385 692 3481 graduum1)3
723 3408 777 3449 seu
804 3397 840 3453 ut
861 3383 910 3452 aiii
931 3382 1063 3469 vertunt,

112 3474 350 3565 adscensionum
392 3488 472 3547 Sunt
491 3488 592 3547 autem
612 3482 712 3548 adriae
732 3490 930 3572 interpretum
952 3494 1065 3574 opinio-

110 3602 182 3658 nes,
213 3602 288 3663 quos
320 3602 380 3647 non
410 3588 457 3647 est
487 3588 747 3671 operaepretium
766 3589 816 3652 hic
837 3610 939 3654 omnes
960 3608 1087 3657 recor·

72 3700 101 3739 '-
163 3698 197 3771 1)
217 3694 323 3763 ιἰιιιιιι
340 3698 493 3801 μιιιιιιι..
554 3736 573 3785 'l

466 3942 606 4010 A..
