2190 4064
70 236 142 305 m
194 330 202 351 x
431 238 757 303 Praeleotiones

56 390 277 454 'aestimamini
307 392 369 454 Sed
391 399 462 455 sunt
481 394 557 455 baeo
576 393 749 473 spirituales
768 408 820 455 res
843 394 878 455 et
897 392 991 471 auguli

70 495 109 552 do
130 494 211 554 coelo
232 494 379 565 revelata,
406 513 483 571 quae
505 495 580 571 qnia.
596 496 626 551 in
650 494 739 553 eorde
759 496 866 553 nostro
887 510 948 553 non
970 480 991 551 la

44 595 178 667 nacitur,
208 593 274 652 ideo
304 597 392 653 etiam
419 599 480 654 tam
510 593 670 654 difficulter
698 592 887 673 apprehendi
913 596 991 673 potet

70 693 132 752 Sed
153 712 234 752 nuno
254 693 291 752 de
311 694 426 773 psalmo
448 714 578 775 agemus.
694 718 697 725 ·
821 674 826 685 ¹

6 788 9 793 ’
150 793 196 852 Εο
223 788 375 873 temporo,
404 792 462 871 quo
483 795 532 853 bio
551 793 686 872 psalmus
708 796 756 851 est
775 793 928 871 scriptus,
947 802 991 849 not

68 892 141 951 dum
161 898 227 953 erat
250 896 400 954 eonditum
416 894 577 974 templum,
605 892 659 951 sed
680 892 782 957 stabat
802 890 902 951 adhue
920 890 991 951 nte

60 986 208 1053 ¹naculum
229 992 314 1053 lllosi.
357 994 446 1059 (inod
467 994 525 1056 etsi
546 1012 605 1053 uon
626 1010 687 1052 uno
707 994 791 1051 certo
811 991 894 1063 loco,
912 986 991 1051 aeoli.

68 1092 275 1153 tribuendam
303 1092 392 1152 fixum
422 1100 489 1153 erat
519 1072 606 1169 (uam
633 1096 664 1151 et
678 1092 723 1150 -in
751 1090 817 1149 Silo
843 1090 902 1151 luit
926 1085 991 1149 ab

70 1192 222 1266 Gibeon),
244 1196 343 1251 tamen
362 1192 492 1251 babebat
513 1196 625 1253 certam
640 1192 875 1271 promissionem,
890 1188 991 1249 'ubiout

68 1310 127 1368 que
148 1296 237 1365 esset,
258 1293 299 1352 ibi
321 1292 470 1352 dominum
490 1292 562 1364 lore,
583 1292 757 1373 audituram
776 1308 894 1370 preces,
913 1301 991 1363 eote}

66 1396 169 1451 turum
196 1392 355 1464 sacrificia,
394 1395 425 1452 et
452 1393 616 1471 propitium
644 1392 796 1462 futurum,
833 1388 913 1449 siout
943 1384 991 1445 iic

66 1495 181 1553 textus:
208 1492 402 1570 „Ubicunque
423 1510 478 1571 ego
498 1492 597 1553 facero
618 1492 788 1557 memoriam
808 1488 933 1563 nonnula
955 1502 991 1545 nr·

1 1610 4 1615 ·
68 1596 153 1652 eto.“¹
173 1593 249 1653 (ium
271 1594 364 1671 igitur
392 1593 423 1651 in
454 1592 600 1671 Ephraim
626 1593 707 1651 esset
733 1591 765 1648 in
795 1588 916 1649 civitate
944 1582 991 1643 sn·

66 1694 263 1753 invocabatur
283 1694 323 1753 ibi
344 1712 451 1761 nomen
473 1692 592 1765 domini,
613 1690 792 1751 audiebatur
811 1684 991 1777 verbnmlie

66 1793 222 1853 colebatur
250 1791 332 1853 Deus
361 1793 401 1850 ibi
421 1791 495 1863 fide,
535 1792 732 1861 orationibus,
760 1787 913 1849 sacrifieiis
948 1788 991 1845 ete

67 1892 163 1951 donee
173 1882 294 1971 tandem
304 1898 458 1951 crescente
471 1880 624 1971 impietate
647 1895 677 1949 et
698 1889 869 1949 idololatria
888 1879 991 1947 arrad

68 1992 130 2049 Silo
159 1992 191 2048 iu
222 1993 383 2051 exereitum
418 1996 523 2050 eontra
552 1992 729 2049 Philistaeos
758 1989 917 2069 deportata
942 1988 973 2045 et

65 2089 236 2149 Philistaeis
258 2094 347 2168 rapta
369 2100 423 2149 ast.
467 2090 529 2148 Sed
556 2106 624 2148 oum
651 2090 806 2148 l’bilistaei
833 2089 915 2148 varie
942 2082 991 2145 alss

68 2193 212 2267 gerentur
234 2190 271 2247 ob
292 2190 369 2249 bano
388 2190 632 2269 profanationem,
653 2190 799 2249 translata
821 2193 867 2248 est
888 2200 991 2247 areas

68 2289 258 2350 Gabaonitas.
279 2290 323 2348 lbi
344 2308 411 2349 oum
431 2290 538 2350 fuisset
559 2289 759 2366 aliquamdiu,
777 2288 901 2349 tandem
919 2292 991 2347 trans

66 2392 136 2450 tulit
164 2409 228 2450 eam
256 2388 353 2449 David
381 2392 517 2450 insuam
539 2392 702 2462 civitatem,
725 2391 804 2449 sient
825 2392 872 2448 est
892 2394 921 2451 2
940 2386 991 2459 litt

68 2490 187 2569 (Sam.)
198 2494 236 2562 a,
258 2494 348 2566 atqua
363 2493 404 2550 ibi
415 2490 519 2551 incidit
531 2492 558 2550 ei
570 2492 708 2571 cogitatio
721 2489 759 2548 de
770 2482 991 2549 senticosior«

66 2610 114 2650 mo
135 2590 200 2649 Ilei.
222 2590 383 2649 Judioabat
394 2592 471 2649 enim
483 2590 636 2670 indignum
649 2610 724 2661 esso,
744 2591 781 2648 ut
790 2589 938 2648 habitaret
949 2586 991 2663 ips

67 2691 99 2748 in
121 2689 243 2749 oednna
263 2689 357 2761 domo,
380 2690 515 2751 dominus
536 2696 635 2751 autem
657 2694 687 2749 et
707 2708 759 2749 rex
780 2687 856 2750 coeli
869 2687 991 2747 habitan

67 2791 123 2849 sub
144 2788 287 2868 pellibus,
317 2793 557 2869 reprobabatur
583 2791 665 2850 initio
687 2788 841 2859 eonsilium
863 2788 927 2866 ejus
946 2796 991 2865 pri

65 2890 175 2968 phetae
189 2888 314 2960 Nathan,
336 2890 390 2950 sed
404 2890 586 2950 revelatione
601 2891 700 2948 divina
715 2888 884 2948 admonitus
899 2874 991 2973 aaran

66 2993 127 3060 ast,
156 3008 194 3047 ne
214 2986 313 3047 David
333 2989 521 3061 aedificaret,
549 2990 661 3049 serrari
684 2991 760 3048 enim
780 2988 838 3047 hoc
860 3004 934 3067 opus
954 2978 991 3041 fili

66 3088 148 3166 ejus,
176 3089 227 3164 qui
249 3086 507 3166 pacilianensi,
529 3093 559 3147 et
582 3108 640 3148 non
661 3089 789 3148 bellator
810 3089 891 3146 siout
909 3076 991 3145 aava

66 3186 162 3245 SImul
182 3186 285 3246 addita
305 3188 352 3245 est
380 3188 432 3247 illa
458 3186 614 3266 magnilica
643 3189 799 3268 promissio
826 3186 865 3246 tle
895 3189 991 3246 aetem

64 3288 243 3368 posteritate
264 3286 401 3358 Davidis,
424 3293 544 3347 atvero
566 3288 631 3366 eju's
652 3289 711 3348 filio
733 3287 869 3358 Christo,
889 3292 919 3347 2.
940 3284 991 3359 liet

68 3387 225 3465 (Sami.
248 3386 500 3466 Deprioreipitur
510 3374 713 3467 promissionis
721 3392 809 3467 parte
820 3380 991 3447 rideturroil

65 3488 115 3549 bio
135 3488 272 3568 psalmus
303 3505 321 3545 a
347 3486 461 3546 Doride
490 3506 556 3547 esse
585 3488 784 3567 compositus,
814 3503 873 3564 quo
901 3486 991 3547 sibit

66 3591 122 3648 toti
153 3586 264 3669 populo
295 3586 465 3665 gratulatur
492 3605 528 3646 er
557 3588 670 3658 animo,
701 3588 816 3646 eertum
838 3590 871 3649 et
899 3584 991 3647 mutua

67 3688 165 3749 locum
187 3688 248 3750 reri
270 3687 369 3747 cultus
391 3686 446 3746 bei
469 3688 499 3746 in
519 3686 715 3747 Hierusalem.

231 3993 301 4010 ...a
508 3973 628 4010 A
714 3990 718 3999 ·
