2190 4064
7 211 12 219 ’
96 226 160 289 m
410 224 718 287 Proclecttones
795 247 798 254 ·

179 378 266 440 Ratio
284 364 453 459 judicatae
473 378 581 450 deseri,
603 388 634 441 et
649 381 808 461 experitur,
826 379 1041 459 quodquidam

95 476 183 538 homo
203 477 337 537 militaris
358 477 457 537 dicero
477 478 606 549 solebat
621 479 729 537 nemini
749 478 819 559 plus
838 480 1041 560 periculorum

98 582 128 635 et
147 568 395 637 incommodorum
416 576 571 648 accidere,
599 572 700 653 qnom'
714 581 766 655 qui
787 578 853 639 Deo
874 584 908 641 et
929 578 1040 641 caesuri

95 676 222 738 fideliter
243 679 394 736 servirent.
422 676 489 735 Hoc
509 694 576 735 cum
596 678 638 736 ita
658 677 705 748 sit,
725 680 848 737 verbum
866 674 942 739 fidei
958 678 1036 739 adhi·

96 775 225 835 bendum
236 780 291 836 cst.
318 777 352 835 ld
371 778 499 856 primum
521 757 701 855 pronuntiat,
723 796 832 849 omnes,
845 780 897 856 qui
911 780 943 837 in
955 776 1034 837 Chri·

97 878 144 934 sto
164 872 267 935 volunt
286 878 336 955 pie
369 877 479 946 vivere,
510 877 748 956 persecutionem
778 879 853 958 pati.
893 876 1029 957 Propon'd

97 972 247 1033 Christum
257 974 429 1055 exemplum,
444 975 494 1052 qui
508 993 563 1054 per
578 994 696 1035 crucem
710 977 832 1036 Intravit
853 976 890 1035 ad
906 976 1025 1055 glorium,

96 1076 196 1132 monet
215 1088 269 1134 nos
290 1080 428 1155 oportere
449 1075 612 1134 conformes
639 1073 704 1133 fieri
730 1074 849 1153 imagini
869 1074 935 1153 ejus
942 1120 951 1149 ,
977 1076 1023 1135 hoc

97 1176 152 1243 est,
173 1172 260 1232 simul
279 1176 350 1253 pati,
374 1175 506 1247 si¹etiam
528 1164 672 1233 volumus
692 1172 924 1250 conglorificeris
963 1170 1032 1253 ergo'

95 1275 203 1349 parata
223 1277 294 1331 sunt
308 1273 495 1332 incommoda
516 1278 546 1332 et
566 1292 680 1331 cruces.
723 1271 837 1331 Deinde
866 1274 953 1333 eiiam
975 1270 1022 1331 hoc

96 1370 225 1439 ostendit
237 1374 366 1443 verbum,
388 1371 460 1449 quid
467 1371 643 1443 iaciendum,
665 1376 696 1431 et
710 1390 786 1449 quae
797 1372 934 1453 remedie
945 1388 1022 1451 putor

95 1470 189 1529 r'enda
216 1473 276 1529 sint
295 1472 325 1531 in
353 1472 463 1531 talibus
485 1471 708 1541 afflictionibus,
744 1470 824 1546 quod
854 1471 966 1533 scilicet
987 1470 1021 1529 ot

10 1626 13 1631 ,
94 1571 183 1631 verbo
204 1570 431 1630 attendendum:
467 1571 525 1630 hoc
545 1570 700 1647 distinguit
720 1571 911 1655 tentationem
930 1570 960 1629 iu
975 1566 1021 1627 ini·

94 1670 170 1727 tium
191 1674 220 1728 et
242 1669 344 1742 finem,
364 1671 420 1730 hoe
442 1676 495 1741 est,
515 1670 661 1751 promittIt
681 1669 874 1728 tentationem
893 1666 1021 1728 montore

94 1774 252 1840 aeternam,
273 1771 351 1829 sicut
367 1770 484 1847 judicat
503 1788 554 1831 cor
575 1773 717 1830 nostrum.
756 1767 872 1829 Deinde
894 1768 932 1827 de
950 1766 1020 1827 initio

95 1868 138 1927 sic
154 1868 289 1944 jufficat,
320 1869 399 1945 quod
419 1870 543 1928 tentatio
564 1869 603 1927 sit
623 1870 836 1926 momentanee
879 1868 931 1926 Sic
949 1863 1022 1944 (itrif

93 1970 158 2025 stus
181 1966 312 2044 appellat
332 1967 478 2029 modicum
497 1959 541 2026 'et
572 1967 686 2026 confert
712 1984 831 2026 suorum
861 1966 1020 2029 olilictiouo!¹

94 2083 161 2125 eum
180 2069 278 2143 partu,
299 2066 350 2124 ubi
371 2066 534 2126 arctissime
554 2083 633 2125 mors
653 2070 683 2125 et
703 2066 765 2125 vita
789 2068 861 2125 sunt
886 2058 1018 2144 colligat&

95 2163 278 2227 (tuaeenim
297 2164 357 2243 jam
380 2163 553 2243 desperaret
575 2163 612 2223 de
633 2184 688 2225 sua
709 2170 738 2223 et
758 2148 951 2236 foetusrito,
971 2166 1020 2225 sio-

92 2264 146 2321 tim
166 2261 245 2322 edito
265 2264 345 2324 foetu
366 2266 493 2324 omnium
516 2263 649 2323 dolorum
669 2264 859 2323 obliviscitur.
895 2265 945 2325 Sic
954 2264 1022 2324 Pco'·

92 2361 140 2422 lus
160 2365 354 2443 pronuntiat:
372 2364 576 2440 „Neutiquam
601 2368 672 2423 sunt
693 2363 857 2442 condignae
878 2364 1022 2443 passiones

92 2462 212 2543 gloriae,
234 2482 310 2541 quae
331 2464 361 2523 in
382 2483 435 2523 nos
455 2462 661 2523 revelabitur.“

173 2563 239 2623 Hoc
256 2563 398 2641 judicium
418 2564 499 2622 verbi
520 2564 702 2640 sequendum
722 2566 786 2633 est,
813 2566 844 2623 et
870 2580 931 2622 non
959 2566 1023 2626 tuus

92 2680 211 2733 sensus,
243 2664 293 2738 qui
313 2662 422 2721 malum
438 2660 555 2740 judicat
575 2681 641 2724 esse
663 2662 824 2733 infinitum,
853 2665 884 2721 et
896 2674 974 2722 'rere
993 2678 1041 2737 ex,

90 2761 295 2821 mathematico
315 2766 426 2840 puncto
447 2762 590 2821 infinitam
611 2761 775 2840 sphaeram,
796 2779 851 2830 seu
868 2759 1025 2821 lineamin-

89 2860 202 2920 finitam
212 2860 291 2920 iacit.
312 2859 395 2920 Adeo
417 2865 462 2920 est
484 2853 586 2920 nostra
605 2862 680 2919 ratio
700 2860 819 2919 indocta
839 2861 869 2917 in
890 2859 1026 2919 divinuet

91 2959 211 3019 coelesti
225 2960 275 3018 illo
295 2960 507 3031 mathematico,
529 2959 607 3035 quod
627 2959 708 3018 Deus
728 2962 915 3031 momentum,
936 2946 1027 3039 punc}

90 3062 169 3137 tupi,
191 3060 346 3136 guttulam,
367 3058 523 3118 scintillam
543 3076 607 3117 esse
627 3057 748 3136 judicat,
771 3058 826 3116 hoc
847 3059 914 3135 ipsa
934 3066 1027 3119 oeter-

90 3159 220 3228 nitatem,
241 3159 384 3217 infinitum
405 3174 494 3227 mere,
514 3157 681 3216 incendium
703 3175 767 3216 esse
788 3156 898 3233 definit.
926 3154 1027 3235 Atqui,

89 3256 194 3332 inquis,
217 3276 270 3335 ego
285 3260 328 3317 sic
349 3259 442 3317 sentio
465 3261 495 3316 et
505 3257 648 3336 experior.
670 3257 715 3315 Sit
726 3256 854 3327 saneim,
866 3252 1041 3317 sedutrum'

88 3356 199 3435 putast
217 3362 296 3415 antu
312 3359 423 3415 rectius
441 3357 559 3427 sentias,
574 3374 687 3415 unvero
698 3357 779 3415 Dens
797 3357 907 3416 certius
923 3362 954 3417 et
968 3368 1029 3417 me·

89 3455 146 3515 lius
166 3455 285 3515 videnti
308 3456 389 3533 Ergo
411 3455 468 3515 hoc
483 3455 647 3514 faciendum
668 3460 722 3524 est,
734 3458 768 3512 ut
787 3472 845 3513 non
862 3455 1028 3533 judicemus

89 3556 250 3616 seeundum
264 3554 328 3624 hoc,
345 3555 423 3631 quod
445 3556 595 3623 sentimus,
616 3555 669 3613 sed
685 3551 846 3612 secundum
862 3554 943 3628 quod
956 3566 1028 3634 pre-

91 3658 205 3716 nuntiat
236 3658 266 3714 et
283 3654 397 3735 judicat
415 3656 545 3728 verbnm,
566 3673 619 3718 scu
631 3656 695 3735 ipse
710 3652 789 3713 Dens
811 3655 840 3711 in
858 3654 1026 3715 verbotuo.

48 3951 119 4010 ,q
339 3935 383 4008 ,d
