2190 4064
224 239 226 243 ·
300 213 503 275 in'i’saim.
531 210 645 273 Graii.
879 190 958 288 m}

37 384 116 430 mma
146 369 306 428 securitate
338 365 671 444 conjunctamaut'ad
698 365 941 445 desperationem.

37 491 66 530 rc
88 489 158 528 cum
177 467 217 538 fia
240 468 310 544 quid
331 471 456 544 prosunt
478 465 569 543 epesi
595 464 665 541 quid
675 465 846 543 ingeniumi
868 466 942 543 quid
966 468 973 475 ”

37 588 112 650 agna
140 559 287 646 potentia,
323 571 352 624 et
380 566 437 623 alia
466 584 542 641 quae
568 564 696 622 mundus
723 565 894 631 admiratur.
912 570 943 626 et

37 668 142 727 meriti
165 667 231 725 Hoc
250 664 330 724 ridet
350 664 459 735 David,
487 669 517 722 et
537 671 676 740 tanquam
702 667 826 742 insignis
853 671 944 747 poeta
968 676 988 727 ‘a

37 769 116 827 audit
136 785 242 847 poema
264 784 348 825 suum
370 769 451 834 roto,
479 769 513 822 ut
532 764 607 822 haec
626 763 813 823 Hierusalem
833 740 955 845 haiieetx

37 887 124 937 reem,
162 869 192 923 et
219 870 374 924 serventur
400 863 502 922 fideles
531 864 656 922 ministri
684 864 715 922 iu
730 863 882 938 *ecclesie
905 868 944 932 et

37 967 217 1047 iiprincipes
238 967 268 1022 in
288 961 400 1044 politia.
475 1014 478 1025 ,
956 1044 959 1051 Ι

86 1063 152 1125 Hoc
173 1069 272 1122 votum
293 1064 355 1122 iere
376 1062 497 1134 accidit,
518 1066 553 1121 ut
573 1067 691 1122 maneat
711 1067 826 1135 votum,
853 1064 943 1124 reris*

37 1165 81 1225 ine
108 1166 184 1224 enim
212 1161 345 1243 ridemus
376 1161 499 1240 impleri.
549 1162 704 1239 Nunquam
732 1163 808 1222 enim
834 1163 881 1234 iit,
908 1166 944 1224 ut

37 1268 88 1324 rtns
107 1263 236 1345 populus
266 1262 439 1339 corrigatur.
487 1260 567 1321 Dixit
594 1263 694 1338 itaque
721 1261 834 1328 David:
858 1262 944 1335 „rut

37 1381 69 1421 ar
83 1366 111 1422 in
134 1364 226 1421 muris
246 1364 338 1431 tuis‚“
359 1362 411 1420 sed
432 1379 490 1419 uon
511 1361 694 1421 estfactum
736 1361 839 1439 Neque
866 1363 944 1422 enirn

37 1466 139 1522 umanis
159 1462 271 1521 viribus
292 1463 349 1522 ista
368 1464 494 1540 possunt
508 1459 637 1520 retineri.
680 1464 731 1522 Sic
748 1462 772 1521 si
785 1481 833 1521 res
850 1462 943 1522 nostri

37 1562 121 1621 rbitrii
142 1568 172 1621 et
192 1563 295 1621 virium
317 1567 485 1619 nostrarum
505 1562 625 1631 suisset,
645 1580 798 1637 nunquam
811 1579 943 1621 essemus

37 1664 104 1737 ussi,
123 1668 156 1721 ut
178 1665 277 1721 sectae
297 1666 415 1719 nestrae
437 1660 587 1737 doctrinae
608 1661 774 1719 contrariae
784 1649 944 1720 inraiesce-

37 1765 94 1820 rent:
125 1762 177 1822 sed
209 1763 411 1839 gubernantur
443 1761 501 1818 ista
531 1761 574 1819 sic
601 1759 755 1831 divinitus,
783 1765 818 1820 ut
844 1765 943 1820 tamen

37 1858 102 1920 urm
139 1863 226 1921 etiam
253 1878 310 1918 non
326 1904 331 1912 .
346 1860 487 1934 quiescat.
526 1857 629 1935 itaque
662 1861 755 1919 oratio
776 1844 954 1933 necessaria¹

37 1962 76 2030 at,
100 1965 128 2019 et
153 1958 297 2037 quidquid
318 1961 410 2017 oratio
431 1960 504 2018 haec
524 1979 582 2019 non
602 1958 756 2037 impetrat,
784 1962 839 2019 hoc
859 1959 944 2019 nulia

37 2060 151 2136 rapientia
163 2061 290 2118 hnmana
301 2062 399 2137 potest
412 2061 578 2137 impetrare
619 2060 831 2135 Praeterquam
845 2061 943 2138 igitur,

37 2158 92 2231 puori
109 2165 153 2220 est
181 2159 400 2238 persistendum
421 2157 567 2229 docendo,
596 2159 773 2231 laborando,
802 2160 942 2231 conando,

37 2256 100 2317 atium
119 2260 211 2319 oratio
233 2257 420 2336 adjungenda
442 2263 502 2328 est,
524 2259 654 2319 simodo
675 2261 723 2318 hie
735 2260 848 2318 fructus
859 2262 943 2338 pacis

37 2352 101 2417 iubet
120 2361 217 2436 sequi,
239 2364 269 2416 et
290 2363 387 2415 tamen
408 2356 473 2429 iiet,
495 2363 530 2416 ut
550 2362 704 2434 sequatur,
725 2378 782 2417 non
803 2363 944 2433 tanquam

37 2454 253 2530 circumferentia,
275 2456 327 2517 sed
351 2463 490 2532 tanquam
512 2462 653 2528 centrum,
675 2459 730 2516 hoc
752 2460 814 2527 est,¹
827 2476 944 2536 semper·

37 2556 105 2633 major
131 2577 202 2638 pars
234 2558 443 2617 reluctabitur:
471 2557 598 2635 pusillus
627 2561 725 2616 autem
752 2576 837 2635 grex,
859 2558 945 2617 sicut

37 2650 147 2717 Christus
174 2656 319 2732 loquitur,
356 2658 431 2714 hanc
459 2673 561 2733 pacem
589 2656 772 2736 amplexatur
799 2662 829 2717 et
857 2661 943 2730 amat,

37 2750 91 2816 iat
109 2759 196 2817 etiarn
217 2759 247 2815 in
274 2757 377 2835 politia
396 2774 546 2830 nunquam
561 2755 609 2828 fit,
638 2761 672 2816 ut
699 2758 798 2817 omnes
820 2776 945 2834 sequau-

37 2870 67 2913 ur
83 2858 286 2918 auctoritatem
310 2856 423 2934 legum,
445 2855 517 2914 satis
539 2860 601 2927 est,
621 2856 645 2914 si
665 2856 755 2933 aliqui
776 2858 848 2928 sint,
877 2856 945 2916 reii-

37 2956 184 3037 {ri'pocnir
206 2956 358 3016 cohibendi
379 2959 458 3014 sunt.
834 3012 858 3020 ..

38 3054 82 3117 iii.
103 3057 274 3136 Propter
294 3056 437 3115 iratres
459 3055 557 3114 meo's
579 3059 615 3113 et
635 3056 825 3133 proximos
847 3074 945 3116 meos

281 3157 352 3213 tibi
372 3174 504 3234 pacem
530 3155 677 3231 loquor.
772 3165 774 3169 ’

88 3252 148 3314 Hic
170 3250 315 3333 significet
336 3252 430 3312 David
451 3272 631 3313 communem
654 3254 803 3329 quereiam
818 3254 944 3315 omnium

37 3352 143 3424 iorum,
173 3355 224 3430 qui
252 3342 412 3432 praesunt,
432 3357 496 3412 tum
519 3356 548 3412 ia
577 3352 714 3437 ecclesia,
737 3358 804 3413 ‘tum
833 3355 944 3434 politia,

37 3472 71 3513 mr
97 3454 282 3524 oeconomia,
312 3451 391 3529 quod
412 3471 529 3532 semper
548 3454 642 3532 major
662 3471 733 3532 pars
754 3455 798 3512 ita
816 3458 863 3514 est
883 3460 944 3512 tota

37 3559 151 3613 arrersa
172 3558 204 3612 et
230 3551 322 3623 maia,
351 3557 385 3611 ut
412 3570 501 3632 saepe
529 3553 568 3616 ari
596 3554 828 3631 desperationem
856 3555 942 3627 animi
1052 3570 1054 3577 ·

37 3671 151 3713 »noram
172 3653 364 3712 concitentur.
407 3651 465 3716 aur
489 3652 574 3714 dccet
586 3652 733 3725 ecclesias,
754 3671 820 3712 eum
831 3671 943 3712 sumam

709 3952 854 4018 ,Α
