2190 4064
92 222 153 282 1⁶8
406 214 718 279 P‘rseleetioues

89 366 532 459 rememoramus,
553 370 625 448 qun
650 352 1081 449 mmmmm

90 476 151 545 not,
172 472 233 531 et'
222 489 254 529 m
266 469 442 530 iliusmudo
462 471 554 529 verbo
574 472 746 548 occupetur,
765 466 835 527 idoo
851 469 941 531 uobis
953 466 1039 531 bib

90 588 210 648 quoque
229 586 305 647 opus
325 569 516 629 ostentione
529 567 674 628 aduersus
692 567 760 627 illus
773 570 949 629 nostrorum
968 572 1043 635 on·
1060 584 1085 635 ’,η

89 686 199 749 porum
225 667 401 747 pestilentes
420 669 556 749 linguon,
587 686 627 726 ns
647 670 773 727 nocent
791 670 930 741 trntuuu,
949 684 1041 747 quu-

91 771 157 827 tum
173 765 289 827 'volunt
330 764 372 825 dt
390 785 530 846 maguum
549 766 725 827 beneficium
744 769 792 826 est
818 766 935 827 bebere
954 758 1041 837 effi!

91 867 281 947 praescripto
299 884 319 925 s
339 865 455 945 Spiritu
480 871 584 927 smrto
604 868 709 939 verbs,
737 866 846 943 quibus
865 866 899 925 in
918 866 978 929 bos
991 866 1049 949 pri

91 966 186 1027 rteuio
205 967 249 1046 pii
268 967 313 1025 uti
327 970 463 1046 possunt.
484 965 547 1025 Sed
566 984 647 1027 nune
658 965 698 1026 ed
711 964 861 1047 putum
878 968 1051 1029 renim

367 1224 611 1301 PSAthiUS
644 1225 770 1303 (iXX

91 1405 148 1507 dd
176 1406 384 1478 dominum,
414 1424 495 1467 eum
507 1404 767 1479 tribularer,
793 1404 982 1483 sienni,
990 1408 1043 1469 ot

358 1507 446 1587 ipse
472 1502 675 1569 exaudivit
709 1525 774 1566 me.

174 1624 298 1687 Rectius
318 1624 456 1684 redditur
484 1642 590 1685 versus
619 1614 676 1704 per
694 1596 881 1703 proesentis:
922 1620 974 1681 Au
994 1620 1050 1683 do·

92 1727 204 1785 minum
237 1728 269 1785 in
302 1724 495 1786 tribulatione
528 1724 635 1797 elomo,
670 1727 702 1783 et
738 1723 804 1802 ipso
836 1698 961 1782 extudit
987 1740 1042 1801 nro.

93 1824 273 1900 Quanquam
286 1826 363 1884 enim
376 1823 507 1883 Hebraei
516 1841 633 1901 quoque
645 1821 814 1883 discrimino
834 1794 1044 1884 bebeuttrium

95 1925 274 1999 temporum,
297 1927 396 1981 tomen
417 1922 488 1997 quis
506 1923 702 2001 praeteritum
722 1924 769 1982 est
781 1919 880 2000 primu
899 1939 972 1993 vox,
992 1938 1045 1983 ssu

95 2019 197 2079 themo
216 2022 317 2090 verbi,
342 2019 418 2078 lueis
446 2037 538 2078 causo
567 2038 658 2098 saepe
689 2022 800 2081 reetius
828 2018 972 2080 redditur
990 2036 1045 2101 por

92 2134 251 2196 praesens,
282 2122 318 2177 ut
345 2136 404 2177 non
425 2116 521 2175 solum
541 2118 581 2176 sit
602 2118 762 2201 descriptio
785 2118 857 2179 teeti
876 2120 1045 2203 praeteriti,

93 2235 148 2275 seu
170 2208 358 2295 exemplum,
381 2214 544 2276 sedetiam
565 2216 715 2291 doctrine,
734 2221 766 2277 in
787 2234 848 2295 qua
867 2220 1045 2292 ostenditur,

94 2314 167 2391 quid
187 2315 272 2375 nobis
293 2315 441 2395 agendum
461 2317 502 2376 sit
521 2317 637 2376 inistis
658 2318 872 2377 tentationibus
891 2316 1045 2379 merueris

93 2413 232 2494 linguae,
253 2434 320 2474 eum
341 2415 455 2475 seilicet
469 2417 612 2477 sentimus
625 2419 656 2475 et
668 2419 843 2496 experimur,
864 2435 920 2477 nos
934 2416 1048 2495 iruetrr
1065 2464 1070 2471 .

94 2532 163 2573 eum
183 2515 340 2574 haereticis
369 2516 541 2589 oonflietrri,
561 2535 617 2575 nee
636 2535 725 2596 posse
745 2516 823 2586 fieri,
844 2520 880 2575 ut
899 2514 1049 2601 reducnp-

93 2615 196 2672 turin
216 2611 350 2690 virm1).
392 2615 466 2674 Nam
486 2615 543 2687 boe
563 2614 704 2673 diuturna
731 2614 913 2695 experientis
944 2614 1049 2675 didici·

92 2729 178 2782 mus,
211 2730 313 2770 verum
333 2732 408 2784 esse,
436 2715 516 2790 quod
535 2712 648 2774 Paulus
671 2713 757 2785 dicit,
788 2713 866 2773 teies
894 2732 964 2774 esse
994 2732 1049 2785 suo

91 2807 206 2887 judicio
226 2808 399 2883 damnatos,
431 2814 557 2888 ideoque
583 2816 762 2890 postauam
782 2815 814 2872 et
833 2811 961 2872 utemur
983 2834 1068 2891 osu·¹

94 2909 260 2987 reptionem
299 2928 353 2969 seu
385 2910 612 2970 admonitionem
646 2910 785 2971 sinendos
830 2929 867 2971 so
909 2913 1051 2976 vitandos
1083 2962 1085 2969 .

93 3024 170 3078 esse,
203 3007 283 3083 quod
303 3009 348 3068 its
378 3011 459 3089 capti
494 3010 555 3069 sint
576 3008 772 3087 opinionibus,
792 3014 829 3069 ut
849 3016 1053 3093 nonpossint

95 3104 134 3162 ab
156 3105 200 3163 eis
221 3106 340 3167 deduci.

175 3201 277 3279 Atque
296 3205 354 3264 boc
374 3207 550 3286 praesertim
572 3206 602 3264 in
626 3196 799 3268 auetoribus
810 3209 983 3271 haeresium
994 3230 1053 3275 seu

94 3302 255 3383 impiorum
282 3302 451 3384 opinionum
472 3306 652 3384 experimur,
672 3308 709 3366 iis
730 3307 802 3366 nihil
823 3308 881 3368 diei
903 3316 959 3371 nut
979 3311 1054 3393 tingi

93 3405 210 3483 potest,
231 3420 289 3479 quo
309 3403 511 3463 emendentur.
553 3403 619 3463 Non
641 3402 760 3482 quidem
776 3424 847 3484 spes
866 3407 950 3482 defit,
969 3412 1056 3473 futu-

93 3519 179 3573 rum,
214 3504 250 3562 ut
279 3499 389 3562 cedent
416 3501 552 3573 veritati,
585 3503 665 3564 siout
695 3507 810 3563 sertum
839 3510 887 3567 est
914 3514 1056 3575 convinci

101 3610 309 3631 μ

145 3656 179 3731 1)
196 3656 346 3730 lmpiorun
365 3656 524 3729 dogmatum
542 3666 673 3719 aroteres
691 3660 910 3735 incorrigibiles.

176 3944 200 3980 d
320 3932 346 3969 '¹
391 3972 396 3978 .
530 3942 647 3980 ῤ’.
