2190 4064
441 266 590 351 Psalmi
625 290 671 351 tn.
944 301 1001 359 145
1030 372 1034 379 Ι
1072 330 1083 379 Ι.

35 449 145 526 ¹jutor,
167 452 198 505 et
221 444 401 523 simpliciter,
424 447 502 523 quod
522 448 563 506 sit
583 446 665 517 Deua
682 447 766 516 vitae,
788 443 901 515 salutis,
924 450 1005 522 quie·

55 552 108 618 tis,
133 546 234 625 pacis,
257 552 287 602 et
309 547 401 604 omnis
422 544 629 605 consolationis
651 548 681 603 ct
701 543 840 603 laetitiae.

140 645 320 717 consolatur
342 645 433 722 igitur
453 644 600 722 propheta
621 663 720 703 omncs
742 646 900 715 contritos,
923 647 1004 722 quod

55 746 117 807 lieo
152 736 222 803 non
242 745 337 822 possit
371 743 453 804 aliud
490 743 670 813 sacrificinm,
701 746 816 823 gratius
845 749 1003 823 praestari,

56 865 146 921 quam
174 850 210 903 ut
238 851 405 903 terreamur
432 863 467 901 ac
494 861 668 921 paveamus,
700 847 730 901 et
757 843 787 900 in
816 845 872 904 isto
893 862 1004 924 perora

56 951 224 1018 statuamus
237 941 333 1001 Deum
348 962 414 1000 esse
433 943 579 1016 laventem
602 947 632 1001 et
652 941 801 1020 placatum
823 948 878 1003 etc.
920 946 1005 1005 Haec
1086 1008 1089 1013 Α

56 1024 105 1105 cst
125 1044 273 1122 sapientia
294 1060 386 1119 supra
407 1043 590 1121 sapientiam,
610 1041 667 1100 hoc
689 1046 742 1113 est,
765 1042 865 1111 divina,
886 1047 1004 1125 sapien-

58 1147 113 1215 tia,
136 1143 208 1218 qnia
229 1160 334 1217 sensus
354 1124 500 1198 humanus
522 1159 575 1199 seu
595 1142 670 1198 ratio
693 1144 736 1200 sic
757 1142 863 1231 ‹lictatz
901 1144 1003 1204 Sentio

15 1260 19 1271 ·
58 1264 103 1302 me
124 1259 285 1320 peccasse,
312 1244 402 1315 atque
430 1238 495 1296 ideo
524 1239 638 1317 affligor
672 1242 781 1309 animo,
810 1260 880 1320 ergo
908 1243 1006 1305 habeo

57 1343 155 1402 Deum
176 1342 298 1410 iratum,
321 1357 391 1417 ergo
412 1338 505 1413 omnis
526 1330 623 1417 gratia
643 1338 761 1399 sublata
788 1348 842 1400 cst.
886 1343 936 1400 Sic
957 1362 1005 1402 ra-

59 1445 116 1513 tio,
152 1446 183 1499 et
211 1439 356 1514 quidquid
377 1442 422 1496 est
444 1438 519 1495 infra
547 1437 712 1508 Christum,
743 1440 846 1513 dictat.
876 1439 1005 1502 ·Deinsla

58 1540 175 1602 accedit
196 1541 318 1619 Satan,
332 1538 382 1613 qui
410 1538 538 1595 animum
564 1555 618 1595 sua
639 1542 745 1615 sponte
773 1540 800 1596 in
824 1540 1005 1617 desperatio-

59 1661 125 1701 nem
145 1640 389 1719 procumbentem
411 1636 551 1714 impellit,
580 1641 632 1694 aut
659 1638 841 1714 subjiciendo
870 1641 1004 1718 exempla

59 1744 137 1812 irae,
159 1742 213 1798 aut
233 1736 396 1814 objiciendo
417 1754 467 1793 eas
490 1736 659 1805 sententias,
684 1722 792 1811 quibus
815 1737 952 1797 Christus
974 1745 1006 1799 et

60 1841 209 1920 Spiritus⁴
227 1839 347 1894 sanctus
379 1853 485 1898 secura
517 1833 608 1892 corda
636 1834 738 1894 volunt
769 1836 905 1914 dejicere.
928 1838 1005 1899 -His

60 1938 188 2017 augetur
209 1934 334 2015 malum,
356 1941 386 1992 ct
407 1934 490 2010 quasi
512 1935 588 1992 vires
610 1935 698 1992 sumit
722 1935 909 2013 desperatio·
943 1939 1005 1997 Son

59 2038 133 2114 quid·
153 2055 208 2095 nos
224 2034 316 2093 ¹docet
343 2034 487 2111 sapientia
508 2035 637 2111 Spiritus
667 2034 781 2092 sanctii
824 2035 870 2095 Ea
896 2052 1005 2116 propo·

59 2139 102 2197 nit
122 2136 221 2195 Deum
242 2153 301 2192 non
319 2133 408 2192 talem
429 2153 493 2213 esse
513 2133 622 2217 Deum,
643 2121 890 2208 qui'eonterritos
912 2140 1006 2216 magis

60 2249 189 2305 terrere,
222 2239 254 2292 et
286 2233 426 2291 contritos
463 2232 533 2311 plus
563 2238 718 2292 conterere
749 2232 834 2303 velit,
866 2234 920 2293 sed
953 2238 1005 2312 qui

61 2354 163 2395 amans
185 2334 225 2392 sit
243 2333 464 2409 contritorum,
493 2324 666 2390 afflictorum¹
705 2334 736 2389 et
754 2330 939 2404 humilium,¹
955 2336 1005 2410 qui

62 2434 256 2514 exspectct⁰)
280 2436 309 2493 ct
330 2409 431 2490 audiat
452 2433 578 2509 gemitus
598 2449 635 2489 ac
655 2447 741 2488 voces
759 2430 1005 2493 calamitosorum.

62 2534 121 2594 Sed
140 2534 198 2593 nisi
221 2532 351 2611 Spiritus
374 2533 494 2590 sanctus
514 2530 598 2589 hanc.
612 2529 831 2611 sapientiam-in
852 2531 943 2591 corda
962 2535 1009 2591 in·

58 2634 180 2703 fundat,
211 2632 326 2691 etiamsi
348 2630 500 2701 audiatur,
528 2633 627 2687 tamen
642 2629 718 2687 ¹sine
746 2629 847 2691 lructu
874 2632 1006 2698 auditur.

63 2734 164 2809 Neque
185 2716 262 2791 enim
285 2729 375 2789 corda
394 2731 470 2787 hanc
492 2726 674 2811 spiritualem
689 2730 863 2807 sapientiam
878 2738 1009 2809 possunt

63 2831 304 2911 apprehendere,
334 2816 392 2887 sed'
409 2848 476 2888 cum
504 2844 647 2905 oppressa
668 2832 738 2886 sunt
757 2830 955 2889 amaritudine
976 2836 1008 2891 ct
1029 2844 1032 2849 “

10 2912 13 2917 ’
63 2931 199 2999 tristitia,
244 2948 289 2986 ne
321 2946 406 2987 orare
433 2926 552 3004 quidem
579 2926 699 2993 audent.
741 2927 808 2987 Etsi
842 2929 919 2987 caim
952 2948 1021 3008 ego·

47 3049 118 3092 non
138 3010 277 3105 magnam
303 3027 392 3105 hujus
413 3026 542 3109 periculi¹
557 3027 779 3105 ,experientiam
792 3027 932 3100 habeam,
962 3035 1009 3090 ta·

64 3148 130 3201 man
155 3126 262 3201 semel¹
278 3129 367 3203 atque
394 3125 502 3205 iterum
533 3125 638 3211 didici,
667 3146 754 3203 quam
775 3127 955 3188 dillicilosit
975 3131 1006 3189 ln

10 3220 13 3263 ἶ
64 3228 116 3286 lrae
138 3227 221 3285 lucta
249 3224 361 3283 dicere:
403 3224 657 3311 llomineasljuva
676 3246 740 3298 me,
770 3228 840 3305 quia
867 3229 958 3289 corda
977 3231 1008 3289 in

10 3308 12 3315 ¹
63 3345 150 3385 sensu
171 3326 234 3405 irae
255 3320 312 3383 Dei
332 3323 405 3382 nihil
424 3324 523 3383 vident
544 3344 598 3383 nce
620 3330 743 3398 norunt,
769 3346 826 3402 quo
851 3347 884 3386 se
906 3348 1011 3389 consod

63 3424 114 3483 lari
126 3428 181 3483 aut
196 3425 311 3503 erigere
321 3424 449 3501 possint:
468 3424 540 3483 adeo
554 3425 695 3502 absorpta
705 3432 775 3484 sunt
788 3427 1007 3505 desperatione.

144 3522 342 3609 stuprantes,
372 3506 423 3599 qui
450 3525 521 3583 estis
542 3523 612 3583 olim
639 3523 733 3581 futuri
754 3514 892 3586 doctores
914 3528 1013 3587 eccle·

64 3606 262 3693 siae,'hor'tor
282 3626 312 3679 et
332 3639 450 3695 moneo,
485 3628 533 3695 ut,
556 3640 622 3682 cum
644 3623 733 3680 animi
754 3625 784 3682 in
807 3636 937 3687 extrema
959 3625 1015 3684 sle·

10 3740 12 3751 '
112 3740 145 3805 ⁸)
167 3732 197 3787 ln
221 3734 301 3789 editt.
321 3734 355 3789 ‹la
381 3754 443 3790 ann.
465 3738 547 3797 lass.
569 3735 724 3793 0115399.
745 3751 963 3812 aspectat.

10 3844 19 3855 -
88 3827 179 3869 aursni
192 3824 233 3878 Op.
249 3826 332 3879 luges.
352 3826 397 3867 Vnt.
416 3835 482 3897 xlii.¹
751 3838 797 3895 m

880 3974 946 4029 Η..
