2190 4064
356 215 397 274 tn
419 212 557 273 Psalm.
581 211 694 271 Grad
945 216 1006 286 239

47 372 95 431 lv.
122 370 227 431 llluc
247 371 349 430 enim
369 364 619 428 adscendent
640 365 773 423 tribus
794 363 947 437 domini,
969 369 1007 425 in

47 472 326 532 testimouium
366 465 527 550 israeli,
574 468 613 523 et
650 462 698 523 od
734 463 1028 548 confitendum¹

369 566 510 627 nomini
539 563 702 623 domini·

138 669 218 735 Quia
238 687 303 739 res,
332 666 370 725 de
392 666 499 743 quibus
520 664 668 743 propheta
697 663 785 735 dicit,
814 665 1007 727 absconditae

50 773 126 831 sunt
146 768 296 847 ajudicio
318 766 449 834 radonis,
470 764 536 822 ideo
557 764 684 825 Latinus
704 764 854 843 interpres
875 785 934 826 uon
955 785 1008 847 po-

53 870 114 932 tuit
136 888 187 931 eas
209 866 290 927 clare
310 864 447 926 reddere.
488 863 547 923 Est
567 867 666 923 autem
694 862 784 942 plane
810 864 915 925 cadem
941 886 1008 927 sen-

56 969 154 1031 tentie
173 986 241 1029 cum
256 985 307 1037 leo,
329 964 410 1041 quod
430 965 461 1023 in
482 962 573 1023 exodo
594 966 654 1022 est:
675 962 751 1035 „Ubi
772 970 1007 1043 epomemoriom

59 1070 183 1129 nominis
205 1068 264 1127 met
280 1066 389 1136 fecero,
410 1065 450 1122 ibi
462 1063 502 1122 od
513 1067 544 1122 te
556 1062 700 1122 reniam.“
743 1062 1007 1152 Signidcoteutcm

63 1170 200 1228 memoria
219 1171 315 1226 totum
337 1163 450 1224 cultum
473 1181 540 1221 cum
560 1163 667 1234 verbo,
687 1163 744 1223 hoc
765 1169 824 1235 est,
852 1166 1007 1245 praedicu-

65 1268 169 1327 tionem
186 1266 416 1346 promissionum
437 1268 468 1324 et
488 1261 578 1343 legis,
608 1265 778 1323 exercitium
809 1264 1005 1339 sacerdotum,

69 1384 123 1426 non
140 1369 170 1425 in
191 1365 345 1427 sacrificiis
364 1367 482 1423 tanturn
503 1361 665 1442 legalibus,
686 1364 741 1423 sed
756 1366 792 1423 ,iu
820 1384 933 1425 summo
960 1384 1008 1427 sa-

73 1465 169 1525 crificio
195 1464 425 1545 praedicationis
451 1464 577 1521 nominis
607 1462 677 1533 Dei,
713 1463 744 1521 in
772 1481 830 1539 quo
859 1482 1007 1545 propone·

74 1562 169 1627 bantur
205 1564 420 1625 consolationes
455 1560 627 1645 spirituales
648 1561 701 1619 'de
742 1564 867 1623 victoria
901 1568 1005 1625 mortis
1045 1622 1049 1627 .

79 1665 242 1742 dpereath
270 1650 301 1723 et
321 1660 501 1741 temporales
522 1660 560 1720 do
588 1679 679 1739 regno
711 1666 741 1721 et
767 1661 880 1742 politio.
920 1664 1007 1725 Haec

82 1758 143 1823 dono
159 1764 326 1844 praedicat,
356 1782 424 1822 cnm
453 1762 491 1819 de
512 1760 722 1820 adscendeudo
751 1762 836 1833 dicit,
868 1782 905 1824 oc
934 1765 1006 1827 facit

83 1862 234 1925 antithesin:
263 1864 391 1923 Ceterae
407 1864 542 1922 civitates
564 1870 692 1941 possunt
714 1862 820 1921 docere
841 1866 947 1943 opibus
976 1872 1006 1925 et

47 2001 49 2010 ·
83 1963 205 2036 muntia,
226 1965 322 2043 magis
342 1982 430 2040 quam
451 1981 518 2020 mea
538 1960 741 2032 Hierusalem:
760 1963 825 2043 ¹sed
852 1964 929 2023 hacc
951 1970 1005 2037 est,
1070 1980 1073 1986 ’

85 2040 196 2137 flocum
206 2064 395 2123 adscendunt
414 2063 521 2133 tribus,
541 2079 600 2121 non
621 2061 802 2141 simpliciter,
824 2065 902 2123 sicut
917 2067 1026 2124 otiam

47 2217 49 2228 ,
85 2152 177 2223 uoltis
196 2164 317 2245 populis
334 2170 464 2242 possunt·
483 2180 548 2221 esse
568 2162 674 2232 tribus,
697 2161 752 2221 sed
771 2161 879 2222 donnini
900 2167 1005 2237 tribus,

47 2325 50 2340 ,
85 2268 140 2327 tum
164 2266 227 2345 ipse
256 2264 394 2345 dominus
423 2262 549 2341 delegit,
575 2266 611 2319 ut
637 2267 737 2320 essent
755 2280 839 2323 ,sirus
866 2265 1005 2343 populus,

47 2343 52 2454 l
85 2356 177 2439 tlipse
196 2381 299 2423 corum
320 2362 415 2433 Deus,
437 2380 511 2441 prae
531 2360 654 2437 reliquis
676 2357 795 2439 populis
816 2363 845 2419 in
867 2366 1007 2424 universa

47 2461 54 2590 Ι
83 2452 152 2519 lum
189 2463 284 2523 Porro
304 2482 361 2523 non
392 2463 520 2521 excludit
545 2461 594 2519 hic
621 2460 804 2539 proselytos,
833 2462 882 2536 qui
911 2482 944 2522 sc
972 2484 1006 2523 oc

84 2560 194 2627 tutibus
216 2564 437 2623 associaverunt
466 2563 535 2620 huie
560 2560 680 2639 populo.
723 2560 802 2620 Dicit
833 2563 910 2619 enim
938 2565 1007 2621 sinr-

58 2649 177 2727 'ntum
195 2662 234 2723 de
265 2662 516 2722 adscendentibus
548 2660 586 2719 ad
614 2660 794 2719 audiendum
822 2664 946 2728 verbum
976 2669 1007 2723 et

63 2745 253 2824 ineundum
274 2764 389 2835 Deum,
419 2764 496 2822 sicut
524 2760 698 2831 ostendant,
728 2778 804 2837 quae
828 2768 1005 2837 sequuntur.

120 2921 125 2931 ,
144 2860 190 2931 „ln
210 2863 412 2922 testimouium
433 2859 543 2929 israeli,
569 2864 599 2919 et
620 2860 658 2917 ad
680 2860 879 2919 confitendum
897 2866 1005 2922 nonnni

85 2944 196 3020 lumini.“
236 2962 322 3021 llaec
343 2962 401 3021 duo
421 2959 493 3019 nihil
515 2958 597 3018 aliud
617 2959 792 3038 significant,
814 2980 903 3037 quam
925 2964 1006 3039 quod

84 3048 199 3123 uittam
220 3064 250 3121 in
271 3061 459 3122 Hierusalem
482 3060 622 3119 divinitus
644 3060 826 3137 designatus,
848 3063 899 3120 nbi
918 3063 1006 3123 docc-

83 3151 135 3213 ⁸l¹¹t
151 3163 281 3231 verbnm,
304 3166 334 3219 et
356 3164 459 3219 oretur
474 3156 541 3235 15).
583 3160 680 3218 Erant
701 3164 799 3217 utitem
821 3162 1006 3222 haecanrois

82 3240 154 3319 literis
172 3259 336 3331 scribenda,
359 3260 438 3337 quod
460 3240 555 3317 David
576 3279 635 3317 non
657 3260 694 3317 dc
715 3259 780 3318 aliis
802 3261 931 3321 cultibus
949 3265 1005 3323 liei

85 3342 152 3431 tien,
171 3380 259 3439 quam
279 3360 413 3418 dehisce
435 3358 559 3418 duobus.
603 3360 667 3418 Non
695 3359 768 3418 dicit
796 3363 939 3440 templum
967 3365 1005 3421 ad

83 3440 107 3503 ll
131 3456 265 3521 divinitus
293 3459 498 3538 designatum,
536 3462 571 3517 ut
598 3459 638 3517 ibi
666 3465 833 3520 mactentur
861 3462 1005 3532 victimae,

82 3546 332 3661 Qeotteretur
359 3558 527 3630 incensum,
556 3563 590 3617 ut
619 3557 781 3619 oblationes
810 3572 840 3622 ct
866 3562 1006 3621 libamina

135 3668 180 3742 n)
200 3672 349 3744 Praecipui
368 3674 458 3726 cultus
471 3672 535 3739 Dei,
556 3673 718 3743 praedicare
737 3674 852 3730 witon
870 3682 900 3727 ct
912 3691 1008 3727 orare.
