2190 4064
69 108 199 226 ι188,
462 112 684 211 ,Enrnlio
764 162 805 233 Ι·
908 106 913 123 ..

92 287 326 353 subtractoris
346 311 420 355 suaa
436 296 590 375 justitiae,
618 303 922 379 etitaroon'cloceot³
936 308 1038 387 lobeni

91 410 128 453 oc
142 393 309 468 hortantur,
330 404 365 458 nt
379 399 428 463 aiii
444 402 575 464 iaciant¹
585 401 631 482 i),
648 424 703 467 nos
724 412 828 471 nutem
848 416 1036 475 contratriunr

87 497 246 572 nonomen,
280 506 311 562 ot
331 503 513 568 deducentes
535 509 690 577 ecclesiam
717 513 758 573 ad
781 513 929 577 fiduciam
948 519 1032 579 meriti

89 606 120 661 et
131 605 234 665 mortis
242 606 362 679 Christi,
377 609 525 675 'damnant
533 618 674 692 tanquam
688 617 874 679 haereticos.
902 622 983 684 Haec
1000 642 1030 683 aa

88 725 147 785 npn
180 717 311 777 extrema
339 721 386 775 ost
420 717 553 793 malitia'l
595 721 656 799 lpsi
692 740 752 780 non
787 698 925 797 faciunt,
961 727 1028 804 quoi

86 812 210 888 (locent,
232 823 275 878 ut
304 820 412 889 fidncia
441 843 562 884 suorum
589 825 763 885 meritorum
792 829 977 901 moriamur,
1002 836 1027 891 ot

85 919 189 1009 volunt
217 924 259 1001 ad*
281 925 342 985 troc
362 912 435 987 alios
457 914 578 1006 cogere,
612 934 666 989 aut
693 934 839 1006 tanquam
870 934 1025 995 haereticos

84 1028 236 1088 damnent.
285 1031 337 1090 Sic
364 1033 493 1090 omnium
525 1051 664 1093 sanorum
678 1026 846 1094 ‘hominum
883 1040 1023 1117 experien-

83 1135 126 1193 tia
143 1134 320 1203 hoc-docet,
342 1135 487 1194 nominem
508 1138 627 1203 vincere
649 1140 678 1196 in
695 1144 871 1221 ,conspeetu
889 1139 949 1201 ¹liei
969 1143 1020 1200 oria

70 1216 223 1316 'operibns
245 1242 297 1323 sut
314 1239 435 1315 justitia
454 1259 525 1311 sua,
554 1248 585 1300 et
605 1246 705 1301 tamen
728 1244 794 1301 tota
813 1251 942 1316 natura,
964 1263 1020 1305 cunr

81 1343 379 1410 extrn‘tentationem
401 1349 454 1414 est,
477 1345 679 1424 circumspicit
701 1346 740 1405 ad
760 1365 866 1425 opera,
887 1356 920 1409 et
942 1368 1018 1427 qure-

79 1448 311 1535 tli2„(l1'¹9¹t1⁰d⁰
337 1467 395 1527 ¹por
417 1448 451 1509 oa'
473 1449 568 1509 Deum
596 1451 692 1533 possit
712 1450 845 1528 placare.
892 1455 954 1514 Sed
978 1455 1017 1514 lio
1057 1452 1059 1465 '

78 1554 258 1632 proponitur
288 1555 412 1633 simplex
443 1561 473 1614 et
501 1555 584 1615 clara
616 1555 765 1615 doctrina:
816 1559 872 1629 „Si
902 1554 1042 1638 peccota¹

78 1660 298 1731 observaveris,
339 1679 424 1725 nemo
453 1661 641 1719 sustinebit.“
671 1660 787 1728 ⁴(iuis¹
802 1661 898 1739 igitur
926 1665 1016 1742 cupiat

67 1764 174 1841 -sicio
197 1765 343 1843 judicium
372 1764 569 1839 descendere,
604 1770 638 1850 ut
671 1765 806 1825 vincatur
828 1770 861 1826 ct
890 1766 1016 1828 conden-

77 1869 189 1927 netnri
338 1862 342 1867 ’

159 1973 262 2038 Quare
283 1975 355 2042 haec
373 1992 491 2045 summa
511 1978 573 2045 est,
600 1973 680 2050 quod
701 1981 755 2037 noa
770 1993 875 2035 omnes
901 1972 1037 2052 (nane.

73 2079 200 2150 Petrus,
230 2077 341 2137 Paulus
377 2079 452 2151 etc.)
482 2086 656 2159 peccatores
694 2081 860 2150 nascimur,
891 2082 1014 2148 vivimus,

74 2201 177 2251 sumus
198 2188 229 2242 et
256 2185 406 2245 morimur.
446 2183 531 2242 Haec
552 2189 650 2244 autem
684 2187 730 2243 est
750 2183 847 2262 gioria
869 2191 972 2245 nostra
989 2188 1015 2244 et

73 2286 239 2366 salus¹¹),
280 2289 360 2366 quod
386 2288 484 2349 edocti
511 2307 566 2367 per
588 2289 760 2375 evangelion
788 2288 827 2347 de
855 2292 1013 2351 misericor-

74 2391 125 2450 dia
141 2391 200 2452 'Dei
220 2399 252 2467 et
279 2397 383 2467 merito
405 2394 532 2464 Christi,
563 2394 733 2472 prosilimus
759 2399 845 2453 extra
873 2394 1013 2474 legonaci

73 2502 176 2557 nostra
198 2517 296 2577 opera,
319 2502 403 2577 quasi
424 2503 455 2558 in
476 2499 566 2559 alium
585 2501 686 2557 orbem
703 2498 858 2557 doctrinae
881 2508 914 2559 ct
934 2501 1013 2559 aliare

72 2601 183 2677 lucem,
217 2611 335 2673 etcum
356 2606 464 2669 fidncia
492 2605 530 2665 ad
548 2603 647 2671 Deum¹
674 2604 851 2665 accedentes
880 2605 1012 2664 dicimrn:

56 2678 98 2767 ι0
127 2685 259 2783 domine,
288 2729 354 2777 non·
375 2728 535 2788 possumus
561 2714 660 2779 tecum
688 2708 797 2787 judicio
828 2709 1012 2779 contendere,

71 2832 130 2889 non
158 2832 317 2892 possumus
353 2813 391 2872 da
421 2818 523 2873 nostra
547 2814 666 2892 justitia
699 2819 731 2874 et
764 2818 893 2893 peccato
920 2819 1013 2875 tecum

70 2917 235 2995 disputare.
299 2918 413 2985 Quodsi
441 2919 484 2977 vis
512 2919 683 2995 iniquitates
713 2920 889 2990 observare,
924 2921 949 2980 si
975 2920 1013 2977 ris

44 3025 211 3097 'tanquam
232 3025 262 3081 in
281 3024 393 3103 judicio
414 3025 612 3100 interrogare,
640 3042 678 3082 an
695 3023 772 3101 justi
791 3023 900 3093 simus,
929 3024 1011 3102 perii-

68 3146 146 3189 mus.
189 3126 382 3207 Appellamus
410 3128 501 3206 igitur
529 3129 566 3186 ab
585 3127 642 3186 hoc
671 3127 783 3205 jndicio
814 3125 854 3199 ad
875 3127 1012 3186 thronum

31 3298 41 3320 χ
66 3234 298 3298 misericordiae.
338 3236 370 3291 Si
393 3233 463 3310 quid
484 3237 587 3292 sanote
608 3233 736 3311 egimus,
756 3220 881 3292 {ecimus
903 3233 959 3295 hoc
981 3251 1012 3291 ex

68 3343 121 3399 tuo
142 3339 226 3400 dono.
269 3341 362 3421 igitur
384 3357 437 3398 nos
458 3338 573 3416 respice
589 3338 682 3398 oculis
702 3336 925 3409 misericordiae
938 3343 1012 3408 tuae,

59 3579 62 3587 '
139 3568 189 3638 lo)
211 3567 344 3657 l'apisiao
358 3569 469 3634 docent,
487 3538 624 3638 quodipsi
637 3583 690 3622 non
705 3517 820 3622 lrlcinat.
895 3567 948 3636 li)
968 3567 1009 3619 rt-

67 3673 149 3735 dneia
169 3669 380 3728 misericordiae
400 3666 453 3722 oet
474 3668 535 3718 sola
554 3661 605 3717 nin
624 3660 767 3716 dehemus.

1056 1716 1059 1773 l

1057 1794 1059 1833 ι
