2190 4064
86 228 127 289 u
312 176 316 181 ·
378 262 381 267 ·
442 192 657 289 enarratio

86 383 157 452 tuto,
177 385 213 439 ut
233 381 278 440 sic
296 379 424 441 (lucendi
443 380 536 442 causa
556 380 712 461 appellem,
732 380 788 440 hoc
799 384 854 451 est,
875 386 922 442 est
933 383 1036 461 justus

79 480 288 541 'misericordia
309 483 339 539 et
361 481 458 559 gratia
468 480 534 540 Dei.
558 480 643 539 Haec
662 480 864 539 misericordia
882 486 915 540 et
935 484 1038 561 gretia
1061 538 1065 544 .

84 585 212 640 nonest
233 579 346 655 aliquid
366 580 536 652 humanum,
557 597 617 639 nou
637 570 684 639 est
702 579 823 639 habitus
845 580 969 657 quidam
981 587 1047 643 ant.

32 724 39 750 ,
83 678 213 755 qualitas
232 681 264 737 iu
285 679 384 753 corde,
405 678 460 750 sed
479 679 668 739 cstdirinmn
683 678 866 750 beneficium,
888 679 971 756 qnod
980 698 1048 739 no-·

80 778 129 839 bis
149 768 281 839 donatur
298 796 355 859 per
374 766 455 839 illam
476 779 671 858 cognitionem
697 777 841 858 evangelii
868 780 1033 858 propriam,

13 946 15 951 y
82 876 163 955 quoti
183 879 294 939 scium
324 897 379 939 seu
392 878 541 939 credimus
551 882 709 957 peccatum
725 883 860 937 nostrum
872 879 959 938 nobis
975 896 1033 959 per
1053 902 1067 933 .·

80 976 195 1039 corun
216 979 343 1056 mam
363 982 394 1038 et
405 980 543 1037 meritum
556 978 712 1037 remissum
724 996 799 1049 esse,
820 981 851 1036 et
864 976 947 1052 quoti
963 996 1031 1057 spe
1057 1040 1061 1047 ,

79 1093 181 1147 ramur
201 1080 326 1157 propter
346 1078 499 1139 Christum
519 1078 550 1135 in
570 1076 802 1161 misericordiam
822 1081 853 1137 et
864 1077 1031 1137 miseratio

79 1194 134 1236 nes
154 1176 264 1237 multas
285 1182 317 1237 et
336 1196 467 1256 magnas,
489 1177 568 1236 sicut
587 1177 736 1255 propheta
755 1175 906 1234 hicclicit.
943 1175 1030 1235 llaec
1056 1188 1060 1193 ·

78 1280 179 1335 autem
196 1275 331 1354 justitia,
361 1296 400 1337 au
427 1296 486 1336 non
508 1276 604 1335 aliena
621 1276 743 1354 justitia
764 1276 834 1334 esti
864 1294 942 1351 qnae
962 1280 1029 1336 tota

79 1377 214 1437 consistit
235 1378 266 1455 in
287 1377 411 1437 alterins
433 1358 626 1455 indulgentia,
661 1380 692 1436 et
713 1391 827 1439 merum
849 1374 960 1437 donum
980 1378 1028 1446 cst

77 1473 134 1535 Ilei
154 1477 324 1537 miserentis
334 1483 364 1536 ct
383 1482 509 1557 propter
532 1476 685 1535 Christum
705 1475 841 1565 fauentis.

158 1575 225 1637 Hoc
255 1577 287 1635 in
315 1577 507 1637 similitudine
538 1575 652 1635 clarum
672 1574 715 1633 fit.
758 1574 878 1649 siquis
904 1575 935 1632 in
957 1576 1028 1636 aula
1045 1594 1063 1643 ·,

75 1673 203 1754 alicujus
223 1678 369 1756 principis
389 1677 517 1757 capitale
537 1675 716 1756 supplicium
734 1675 774 1733 sit
790 1675 923 1747 meritus,
940 1676 1027 1739 *hunc

76 1775 108 1835 si‘
123 1794 158 1835 ex
179 1779 277 1856 gratie
305 1778 434 1837 dimittat
453 1768 604 1856 princeps,
625 1794 663 1833 an
684 1792 743 1833 non
765 1772 846 1833 dices
865 1760 891 1832 ei
904 1775 1025 1855 culpam

74 1876 244 1947 remissam,
277 1894 336 1955 non
356 1880 479 1956 proprio
499 1878 620 1946 merito,
653 1872 707 1934 sed
727 1875 858 1952 gratuito
879 1875 1024 1937 beneficio

73 1972 227 2034 clementis
247 1975 411 2054 principisi
442 1976 582 2034 Meritum
595 1975 672 2033 enim
683 1972 756 2031 nihil
766 1978 820 2045 est,
842 1993 930 2049 qnam
951 1994 1023 2057 sup-

72 2073 196 2152 plicium
217 2063 416 2134 mortis.'Sed
435 2073 487 2133 tali
508 2074 653 2133 nonsatis
675 2078 730 2145 est,
753 2077 939 2134 commissam
959 2078 1023 2136 cul-

19 2172 29 2196 '
71 2189 142 2252 pam
156 2171 325 2245 condonari,
346 2174 464 2233 vincula
478 2172 627 2244 solvenda,
647 2173 837 2252 praebendae
849 2179 956 2247 vestes,
967 2177 1023 2236 uli·
1064 2254 1067 2263 Ι

72 2272 145 2350 quid
165 2290 240 2350 prae
260 2292 350 2332 manu
370 2274 459 2332 etiarn
473 2275 602 2359 dandum
616 2281 669 2348 est,
690 2267 771 2336 unde
793 2279 904 2336 utatur.
938 2276 1021 2337 idem

71 2372 225 2432 nobiscum
240 2390 358 2457 quoqne
374 2373 488 2433 accidit
508 2376 539 2433 in
558 2379 675 2455 negotio
685 2376 915 2456 Justificationis'.
945 2378 1020 2439 Nam

71 2491 141 2532 cnm
161 2491 216 2551 per
236 2472 468 2546 misericordiam
489 2494 591 2538 sumus
601 2476 687 2535 liberi
705 2475 833 2555 coulpe,
855 2482 917 2536 turn
930 2479 1019 2536 etiam

71 2572 148 2632 dono
157 2574 288 2652 Spiritus
309 2574 405 2632 sancti
426 2592 501 2653 opus
519 2580 573 2647 est,
595 2576 644 2652 qni
668 2581 811 2654 expurget
823 2577 853 2635 in
868 2579 953 2636 nobis
969 2598 1018 2637 re-
1034 2642 1042 2656 ,-

70 2671 185 2748 liquum
205 2670 337 2752 peccati,
360 2680 413 2733 uut
433 2673 537 2732 saltem
558 2694 612 2735 nos
633 2674 762 2753 adjuvet,
783 2695 821 2734 ne
842 2680 1019 2737 succumba-

68 2791 136 2833 mus
156 2778 280 2852 peccato
302 2774 333 2831 et
353 2774 599 2852 concupiscentiis
620 2775 725 2846 carnis,
740 2776 824 2835 'sient
844 2775 958 2837 Paulus
974 2778 1019 2837 sliss

69 2873 125 2933 cit:
166 2870 397 2944 „Mortificnntes
419 2874 527 2953 spiritu
547 2873 627 2957 lacta
648 2876 772 2933 carnis.“
799 2874 866 2933 Jam
886 2876 943 2935 hoc
964 2896 1016 2937 no-

22 3029 27 3035 .
67 2973 184 3035 hiscum
204 2972 321 3043 accidit,
342 2972 474 3048 quod‘in
495 2992 531 3032 ea
551 2975 711 3032 securitate
732 2975 858 3049 vivimus
867 2974 1014 3052 plerique,

68 3092 104 3132 ac
125 3074 150 3131 si
170 3075 226 3133 toti
247 3092 378 3133 essemus
400 3073 538 3151 spiritus,
564 3078 593 3132 et
613 3073 702 3152 plane
722 3073 795 3131 nihil
815 3073 912 3133 carnis
935 3082 1015 3135 esset
1063 3128 1066 3133 .

68 3172 224 3249 reliquum.
268 3170 370 3236 (luere
391 3172 564 3232 discendum
584 3178 644 3243 est,
667 3191 785 3231 carnem
805 3192 926 3233 manere
946 3175 1015 3259 reli-

68 3275 172 3351 q'nam,
200 3275 232 3331 et
252 3273 375 3351 spiritus
396 3272 453 3332 hoc
474 3291 539 3331 esse
560 3271 696 3344 cilicium,
716 3278 752 3331 nt
771 3277 887 3351 pugnet
908 3279 1014 3335 contra

67 3376 205 3444 cainem,
226 3390 264 3430 ne
286 3389 356 3430 caro
377 3391 412 3430 ea
432 3371 576 3450 perficiat,
598 3392 674 3448 qnae
695 3373 887 3449 concupiscit

147 3472 231 3552 Ergo
252 3471 430 3530 christianus
452 3489 510 3529 non
531 3482 578 3531 est
590 3471 752 3531 formaliter
762 3471 873 3550 justus,
894 3491 954 3531 non
966 3478 1013 3533 eat

65 3573 165 3654 justus
188 3571 353 3632 secundum
375 3570 573 3640 substantiam
595 3575 649 3631 aut
670 3570 844 3648 qualitatem
867 3571 1013 3647 (docendi

67 3691 159 3735 causa
186 3673 268 3735 hisce
288 3670 439 3732 vocabulis
461 3670 565 3749 utor),
588 3670 641 3731 sed
662 3675 708 3731 est
724 3671 829 3753 justus.
847 3671 1012 3733 secundum

342 3928 377 3989 J
