2190 4064
381 184 528 248 rsatmr
549 178 699 248 cxxxi
799 260 805 277 ι
957 164 1019 257 est

63 344 165 403 bonne
180 337 353 401 dialecticus
373 347 427 413 est,
449 340 606 417 distinguit
625 339 703 401 inter
723 335 837 417 tegern
841 339 871 396 et
892 355 1017 415 evange·¹

10 506 13 511 .
60 446 143 519 tion,
168 451 199 506 et
218 445 355 505 concedit
383 445 501 522 quidem
522 443 619 521 legem
640 461 673 501 se
693 438 751 499 nou
772 432 886 514 fecisse,
908 434 1016 503 sedad'

60 551 123 610 hoc
144 550 338 621 antecedens,
360 550 472 626 inquit,
493 565 551 607 nou
571 547 707 622 sequitur
728 544 803 603 illud
821 565 1014 624 consequens,

60 658 102 715 ut
124 654 191 714 ideo
212 654 368 732 desperem
387 659 417 713 et
437 653 570 711 damner.
592 648 778 728 Evangelion
793 652 869 709 enim
880 650 967 729 jubet
982 655 1013 712 in

61 760 220 819 ctmstum
242 746 392 830 credere,¹
409 761 441 816 et
461 756 574 816 christi
595 750 743 834 operibus¹
758 768 793 814 ac·
810 755 929 833 justitia
948 748 1012 818 nit'i.

61 864 127 930 (tui
156 862 195 924 ad
226 862 306 923 hunc
333 860 452 921 modum
480 860 638 921 discrimen
666 858 723 918 hoc
741 863 839 945 tenet,
873 864 905 920 et
934 862 1012 922 hanc

58 985 220 1030 mammam
235 966 380 1045 evangeiii
399 964 607 1045 apprehendit,
628 964 763 1024 salvatur
783 969 814 1027 et
833 967 939 1027 vincit:
961 964 1016 1045 qui

58 1092 123 1135 non
145 1071 350 1153 apprehendit,
371 1071 450 1149 perit
470 1074 501 1129 et
521 1067 671 1148 desperat.

148 1178 180 1237 iu
194 1178 251 1237 hoc
271 1178 363 1255 igitur
379 1168 447 1235 ¹loco
468 1174 506 1232 de
525 1174 641 1252 justitia
662 1164 831 1236 eoramDeo
851 1176 1012 1256 plurimum

61 1288 113 1344 est
133 1281 269 1362 periculi,
289 1282 391 1356 itaque
412 1297 470 1337 non
490 1277 757 1357 praesumendum,¹
771 1278 1012 1343 sedeumtimore

60 1386 218 1449 humiliter
245 1383 394 1487 agendum
422 1387 478 1443 est.
535 1384 569 1442 Si
598 1386 676 1443 enirn
704 1387 938 1463 praesumtione
959 1407 1012 1467 po-

60 1489 171 1563 liticis,
204 1508 271 1551 cum
303 1496 356 1549 a'ut
387 1502 477 1568 opum
506 1493 559 1548 aut
588 1491 740 1569 potentiae
767 1493 820 1548 aut
847 1494 1011 1570 sapientiae

59 1576 175 1656 fiducia
191 1594 333 1654 inflentur
350 1594 452 1664 animi,
473 1609 624 1671 nunquam
644 1596 707 1653 sine
727 1582 861 1673 periculo
883 1596 990 1668 abit‚'
980 1618 1011 1659 tn

60 1700 213 1780 theologia
233 1700 321 1779 longe
341 1694 592 1777 periculosissime
613 1702 673 1768 est,
707 1703 857 1758 ettamen
882 1701 924 1759 ibi
949 1720 1011 1762 mu·

59 1808 141 1867 xime
160 1808 217 1864 est.
259 1806 359 1863 Setan'
375 1802 451 1860 enim
473 1801 512 1860 ad
532 1801 606 1863 tilios
628 1803 684 1862 Dei
701 1804 801 1874 uenit,
835 1808 866 1864 et
886 1810 1012 1865 conatur

62 1890 144 1971 duint
173 1908 272 1971 studio
301 1908 332 1966 in
352 1907 602 1986 praesumtionem
624 1912 656 1969 et
674 1890 867 1979 securitatem
893 1928 944 1969 eos
967 1912 1011 1969 in-

61 2014 186 2077 ducere.
235 2013 338 2078 Quare
359 2011 491 2089 quotidie
513 2017 617 2072 contra
636 2014 713 2073 hanc
729 2012 875 2073 'latentem
893 2010 1010 2094 pestem

59 2114 258 2205 pugnandum
280 2122 341 2189 est,
370 2120 402 2177 et
422 2117 585 2177 cavendum
606 2119 843 2202 proecipue‚ne
865 2122 931 2195 quis
953 2122 1009 2180 sibi

59 2216 200 2304 pleceut,
230 2222 326 2299 quasi·
341 2225 444 2283 teneat
470 2221 688 2282 distinctionem
709 2222 784 2302 legis
805 2227 837 2282 et
857 2226 1008 2304 evangelii.

60 2328 186 2388 Tenere
215 2326 333 2403 quidem
360 2328 463 2405 potes,
495 2325 548 2386 sed
568 2326 626 2386 hoc
645 2327 728 2399 vide,
759 2345 829 2386 num
852 2304 940 2388 etiem
960 2322 1011 2411 iir-

60 2432 153 2493 iditer
172 2424 290 2503 teneas,
312 2432 354 2491 ite
373 2435 409 2490 ut
429 2448 488 2491 non
508 2432 604 2509 possit
623 2433 719 2490 excuti
741 2450 759 2490 a
778 2432 959 2495 conscientie
980 2440 1010 2494 et

25 2548 31 2559 ’
60 2519 187 2627 deuna.
234 2534 348 2594 Paulus
369 2542 452 2594 certe
471 2534 565 2594 libere
586 2535 715 2607 fatetur,
751 2555 784 2595 se
804 2537 935 2597 nondum
956 2510 1020 2620 aps

59 2639 274 2723 prehendisse,
308 2638 361 2699 sed
384 2634 468 2715 sequi
496 2639 573 2699 hanc
600 2632 795 2718 cognitionem
816 2647 956 2719 tanquam
977 2646 1009 2703 in

59 2744 161 2821 stadio
180 2749 299 2804 metam.
349 2743 400 2802 Sic
420 2760 474 2802 nos
496 2760 596 2804 omnes
618 2762 735 2817 sumus,
763 2745 868 2806 taciem
890 2747 1009 2824 quidem

59 2848 102 2909 ed
120 2852 231 2908 metum
253 2846 418 2918 tendimus,
438 2851 469 2906 et
489 2846 520 2906 in
542 2866 576 2907 eo
597 2866 717 2920 sumus,
739 2848 775 2908 'ut
795 2864 859 2909 eam
881 2846 1017 2931 attinge-³

58 2951 220 3022 mus,'sed
243 2950 273 3009 id
295 2969 352 3008 nou
373 2948 409 3008 fit
429 2955 499 3010 aete
518 2970 637 3013 carnem
659 2958 775 3013 exutam
796 2958 828 3014 et
846 2948 1008 3015 humatamss

60 3057 208 3123 (tuerein
226 3059 335 3115 'timore
356 3055 474 3114 interim
495 3058 687 3129 ambulemus,
709 3063 837 3130 orantes,
858 3060 1007 3131 utlucem,

59 3180 153 3239 quem
175 3158 316 3248 dominns
332 3160 477 3229 ostendit,
498 3179 557 3219 non
577 3164 655 3221 sinat
677 3146 823 3243 extingui,
844 3164 897 3223 sed
912 3167 1008 3240 quoti-

58 3268 111 3328 die
132 3267 227 3344 mapis
246 3263 392 3323 illuminet
411 3268 526 3324 mentes
548 3272 679 3339 nostras,
717 3272 748 3327 et
767 3268 903 3347 perficiat
923 3287 1006 3349 opus,

58 3370 144 3449 quod
164 3371 196 3429 in
217 3369 300 3439 nobis
321 3355 441 3447 coepit(
470 3368 537 3429 Hoc
552 3374 602 3448 qui
623 3391 681 3433 non
701 3372 823 3444 faciunt,
844 3375 1007 3432 obruentur

58 3474 272 3555 desperatione
292 3477 323 3532 et
344 3478 434 3533 crunt
453 3473 562 3536 similes
583 3476 749 3538 ablactatis.

679 3724 684 3745 .

708 3791 779 3855 ψ
