2204 4058
360 212 569 277 tn-Pntm.
591 212 706 277 urso,
943 214 1006 279 m
1050 154 1054 173 Ι

58 378 93 435 ot
113 370 317 451 impetienttns
338 370 394 439 stt,
417 370 505 427 etiem
527 387 594 427 eum
613 368 797 447 justissimae
815 370 1008 429 esnsmsnnt

58 468 250 549 objurgandi.
293 467 394 548 tinere
415 469 466 544 qni
494 468 597 528 volunt
616 470 686 528 boni
713 486 794 538 esse,
821 468 1008 529 meminerint

58 568 189 649 exempli
209 572 240 628 et
260 566 395 646 regulae,
424 585 511 643 quem
534 569 665 646 Spiritus
687 566 876 627 senetustie
896 566 968 651 dicit
988 588 1008 629 n

57 652 147 731 tronis
168 670 261 728 servis
282 668 401 737 serrari,
423 666 502 742 quod
518 685 575 726 non
586 668 782 745 impatientes,
803 666 1007 730 nondiffieites

58 774 148 841 sunt,
176 769 231 828 sed
259 767 387 827 fideliter
408 766 535 825 officinm
556 767 686 837 faciunt,
719 770 749 825 et
776 768 942 845 respiciunt
967 756 1008 831 ed

58 886 169 931 menne
191 866 372 925 dominorum
395 884 524 925 suorum.
982 944 985 951 Ι

145 968 311 1045 Praecipue
345 968 444 1026 eutem
479 966 536 1025 hoc
570 966 600 1024 in
628 964 693 1024 loeo
718 965 932 1026 observandum
962 974 1010 1031 est

59 1086 241 1151 pronomen,
276 1065 356 1143 quod
382 1084 441 1125 non
470 1064 644 1143 simpliciter
677 1063 766 1125 dicit:
801 1066 885 1125 Oculi
905 1071 1009 1130 nostri

11 1200 21 1225 t
61 1173 136 1231 sunt
164 1167 202 1226 nd
238 1167 387 1225 dominum
405 1163 527 1235 Deum,
563 1164 617 1225 sed
652 1164 747 1225 addit:
786 1164 825 1225 ed
859 1165 1009 1231 dominum

60 1268 162 1329 Deum
181 1270 365 1337 „nostrum“,
393 1265 450 1325 hoc
478 1268 539 1335 est,
568 1263 694 1323 adeum
716 1263 827 1337 Deum,
848 1268 898 1343 qni
917 1272 1010 1329 meni·

61 1367 186 1429 testevit
212 1369 244 1425 et
270 1364 412 1424 revelavit
433 1382 466 1423 se
487 1364 571 1423 nobis
593 1365 623 1422 in
647 1366 735 1424 verbo
757 1382 811 1424 suo
824 1362 893 1441 ¹¹).
935 1370 1010 1433 Nm

63 1470 179 1543 ubsque
200 1465 257 1524 hoe
277 1464 302 1523 si
330 1469 424 1536 esset,
453 1483 511 1524 non
533 1467 612 1523 esset
632 1466 734 1523 noster
756 1462 849 1524 Deus.
891 1469 941 1527 Sie
968 1470 1010 1533 elit

63 1569 198 1649 gentium
218 1568 250 1623 et
279 1563 383 1637 idolo,
402 1582 478 1639 qnne
499 1562 607 1641 singuli
630 1563 686 1622 sibi
709 1562 839 1642 tingunt,
870 1566 1011 1633 dicuntur

63 1666 185 1745 quidem
206 1664 302 1724 nostri
322 1663 376 1736 dii,
398 1669 579 1750 tenquome
599 1663 683 1721 nobis
710 1661 772 1722 fieti
792 1669 823 1724 et
843 1666 928 1739 teeti,
956 1671 1011 1732 sed

63 1786 124 1829 non
153 1769 224 1825 sunt
244 1764 305 1825 reri
326 1762 375 1823 dii.
416 1762 476 1821 Hie
495 1765 594 1820 eutem
615 1759 697 1823 Deus
725 1768 772 1822 est
798 1770 900 1825 noster
918 1767 1010 1845 Dens,

64 1868 118 1947 qni
140 1884 174 1925 se
195 1865 280 1925 nobis
302 1864 443 1923 revelavit
464 1863 493 1922 in
515 1862 604 1921 verbo
625 1879 693 1933 sno,
716 1866 746 1921 et
767 1867 909 1943 promisit,
930 1870 1011 1945 quod

64 1965 139 2027 velit
160 1984 226 2034 esse
248 1967 350 2023 noster
370 1962 452 2022 Dens
474 1966 530 2022 ete
572 1960 654 2040 Ergo
677 1961 892 2025 Certhusinnns
911 1987 1012 2031 mone·

41 2068 143 2143 ,chus
163 2064 332 2125 nonhabet
359 2061 471 2134 Deum,
499 2062 568 2137 quie
596 2060 680 2141 tingit
701 2063 755 2121 sibi
782 2061 878 2123 Deum
906 2086 1012 2129 seeun-

65 2166 141 2227 dum
161 2182 232 2224 sors
254 2162 460 2242 cogitationes,
481 2180 558 2238 qnne
579 2166 649 2221 sunt
670 2163 861 2241 cogitationes
882 2168 1012 2231 Satanae

63 2270 100 2328 et
127 2265 242 2330 alienae
269 2282 288 2320 n
315 2263 404 2321 verbo
432 2260 497 2320 Dei.
547 2263 598 2322 Sic
626 2263 702 2320 enim
731 2262 768 2321 de
800 2261 862 2323 Deo
892 2271 1011 2347 eogitet,
1059 2314 1063 2329 ,

64 2368 206 2427 futurum
223 2367 259 2423 nt
280 2362 420 2441 respiciat
440 2359 589 2420 cucullum
605 2378 707 2431 snum,
734 2364 769 2421 ut
790 2360 962 2441 delectetur,
985 2372 1012 2431 st

65 2471 131 2527 tem
160 2462 212 2523 din
241 2465 300 2521 stet
328 2462 359 2519 in
386 2459 511 2539 templo,
545 2460 572 2519 si
600 2478 659 2518 non
693 2464 831 2520 vescetur
863 2467 1012 2543 carnibus,

65 2566 96 2625 si
116 2580 175 2623 non
196 2560 323 2641 prodent
343 2562 373 2619 in
393 2558 500 2638 vulgus
520 2563 575 2618 ete.
619 2558 680 2616 Sed
707 2557 788 2619 Deus
813 2579 917 2623 revere
944 2567 1012 2629 telin

24 2700 28 2705 -
66 2682 131 2727 non
151 2664 212 2733 est,
234 2659 288 2720 sed
308 2659 481 2739 simpliciter
502 2661 549 2718 est
575 2658 632 2717 hoe
659 2657 767 2717 idolum
795 2661 893 2723 cordis
918 2666 1012 2746 ipsine

67 2768 104 2825 et
123 2762 252 2821 hnmnnn
273 2761 369 2839 opinio
390 2760 453 2819 sine
473 2759 572 2829 verbo,
593 2758 651 2817 imo
671 2758 758 2818 etiem
780 2766 1015 2829 contraverbum

68 2864 220 2942 ooneeptn
240 2864 271 2919 et
291 2854 426 2938 plenitate
445 2877 463 2917 e
483 2856 608 2917 diabolo.

154 2958 203 3021 Ad
212 2960 292 3019 hune
301 2959 393 3037 igitur
403 2957 521 3017 modum
532 2973 650 3036 semper
664 2959 875 3038 neeipe„1iens
884 2969 1012 3041 nostem,

31 3132 37 3142 ι
69 3064 131 3123 noc
159 3065 221 3132 est,
258 3060 308 3135 qni
334 3076 366 3118 se
394 3059 425 3116 in
454 3050 543 3115 verbo
572 3074 625 3116 suo
652 3056 811 3131 revetavit,
843 3080 930 3139 quom
955 3085 1014 3127 non
1050 3050 1054 3061 ¹

70 3160 209 3221 finximus
230 3174 299 3229 nos,
328 3155 381 3217 se'd
403 3156 453 3233 qui
473 3157 538 3235 ipse
558 3175 593 3219 se
613 3156 695 3216 tinxit
729 3161 760 3218 et
784 3161 879 3239 pinxit
900 3165 930 3223 in
950 3184 1015 3227 ver·

70 3264 123 3333 tro,
144 3255 289 3337 quomodo
309 3257 381 3316 velit
401 3255 465 3327 eoli,
486 3255 612 3327 adorari,
636 3256 733 3316 timeri
754 3262 809 3318 ete.
852 3262 910 3323 Hie
926 3284 1014 3329 verns

69 3360 157 3433 tiens¹
177 3360 279 3418 noster
298 3355 415 3415 ridetur
435 3355 554 3431 quidem
575 3373 665 3434 saepe
691 3375 757 3417 esse
783 3358 896 3422 nitenns
923 3363 1014 3439 Deus,

69 3460 201 3539 quinos
220 3474 279 3517 non
308 3456 463 3536 respiciet,
492 3473 548 3515 nee
574 3474 676 3515 eurem
703 3458 797 3517 nostri
826 3468 904 3541 eget
945 3464 1014 3525 ideo

73 3560 157 3639 impii
192 3558 324 3617 homines
359 3556 397 3615 eb
425 3571 459 3614 eo
487 3551 658 3625 discedunt,
693 3564 841 3632 quaerunt
867 3562 1016 3640 praesidi·

74 3644 286 3661 ——n——at

147 3669 197 3740 11)
218 3668 297 3723 Deus
315 3674 429 3739 noster,
448 3669 586 3741 quomodo
603 3669 819 3745 intelligendum.
