2190 4064
19 216 22 229 Ι
83 234 168 299 ΗΒ
427 227 637 317 lt'darratio
697 284 704 301 .
759 310 761 315 ¹

86 388 203 468 transt·
216 389 336 455 Deinde·
347 380 421 466 q'uot
431 368 787 470 depotiavitabaednobis
796 391 907 470 objicit,
926 394 1034 469 quibus

86 487 234 571 paulatim
259 506 294 548 eo
321 488 505 562 abducimur,
525 488 788 553 ut'obtiriscamur
801 492 891 569 hujus
913 483 1047 574 gaudiit'

88 587 192 653 Quare
206 605 320 651 summa
338 590 501 649 necessitas
519 594 576 662 est,
588 582 700 669 petere,
713 595 748 650 ut
762 590 845 652 Deus
855 609 909 651 nos
918 610 1035 670 semper

21 673 31 687 ’
50 682 52 687 ’
91 682 262 747 mearum
271 686 402 747 ineditae
412 688 652 765 pertundercseu
659 688 839 768 adspergere
852 688 933 761 uelit,
941 710 977 749 ne
986 693 1043 750 ou>

85 785 929 867 mamuriteromtristitioiltaquamse'nsuspeceatorum
939 791 1033 849 affert.

68 925 69 929 =
106 918 110 932 =
168 884 304 964 intelligo
334 885 442 965 igitur¹
462 885 541 957 huuc
571 886 749 947 versiculum
781 887 819 946 de
850 889 1033 949 incremento

85 981 170 1051 iilius
196 985 280 1065 pacis
299 988 332 1049 et
348 983 506 1063 justitiae,¹
526 1005 585 1063 qua
620 988 747 1046 vincitur
767 1005 872 1047 seusus
884 989 957 1056 ,irae
978 988 1033 1048 Dei

87 1087 120 1145 et
138 1085 263 1164 peccati.
304 1082 372 1143 ¹litai
389 1076 477 1149 'enim
500 1085 574 1164 justi
602 1104 671 1145 rere
699 1087 810 1146 babent
831 1087 1033 1146 remissionem

24 1198 50 1267 ſs
84 1187 294 1263 peccatorum,
323 1183 393 1259 quia
420 1183 531 1243 babent
561 1184 699 1244 fiduciam
734 1185 966 1257 misericordiae,
1003 1193 1034 1246 et

37 1282 53 1355 χ’
83 1287 158 1343 sunt
186 1285 311 1365 propter
332 1282 484 1342 Christum
519 1285 550 1342 in
570 1286 684 1365 gratia,
712 1289 811 1344 minen
833 1304 892 1344 non
913 1296 1033 1345 cessant

31 1452 41 1467 ,
78 1378 282 1442 'conscientiae
302 1398 433 1452 morsus,
465 1387 495 1441 et
514 1383 657 1460 reliquias
677 1385 809 1463 peccati,
831 1385 938 1460 quibus
960 1385 1033 1444 inte·

82 1484 215 1543 stantur.
256 1478 341 1540 llaec
361 1482 455 1560 igitur
475 1483 579 1565 ingens
592 1484 721 1565 Spiritus
743 1483 840 1542 saneti
860 1484 955 1543 virtus
977 1487 1031 1555 est,

21 1632 24 1639 ,
78 1581 208 1644 'medere
229 1581 344 1669 gratiae
362 1580 439 1661 Dei,
463 1587 494 1641 et
522 1600 644 1663 sperare
661 1583 761 1665 Deum
782 1602 849 1643 esse
868 1583 1031 1662 propitium

82 1685 121 1743 et
136 1672 250 1754 favere,
281 1699 337 1741 nec
364 1685 464 1760 potest
492 1681 602 1743 fiducia
621 1683 695 1743 baec
714 1670 837 1742 retineri
862 1683 927 1742 sine
949 1702 1031 1741 ecer-

55 1811 58 1817 ·
84 1783 169 1845 rimis
190 1771 415 1853 certaminibus,
443 1800 519 1859 quoe
539 1785 570 1842 in
591 1801 679 1844 carne
701 1783 912 1842 excitantium
934 1783 1030 1857 quoti-

84 1880 190 1943 dianae
204 1881 414 1958 occasioncsi)
427 1883 683 1960 perturbationum
698 1901 734 1944 ac
744 1881 891 1951 tristitiae,
905 1885 967 1938 tum
979 1899 1030 1938 no·

23 1980 27 1990 ’
66 1980 198 2062 νιῄιφιιιιι
218 1984 290 2049 nau
309 1981 494 2041 insecutas
521 1985 552 2039 o
572 1980 742 2041 simoenta.
782 1964 851 2040 aas
875 1980 958 2038 snam
977 1979 1029 2037 ho-

84 2082 134 2143 die
153 2081 233 2141 laeto
249 2081 309 2139 sim
330 2081 425 2139 animo
447 2081 484 2138 ob
504 2060 584 2139 bun'c
604 2072 737 2140 auditum
757 2080 903 2150 laetitiae,
930 2082 1029 2137 tamen

84 2198 153 2243 cras
171 2179 285 2257 aliquid
304 2170 423 2263 incidit,
451 2198 509 2256 quo
531 2182 706 2260 perturbor,
736 2198 803 2240 cum
824 2167 877 2239 a'ut
896 2179 928 2236 in
948 2196 1029 2236 men·

81 2282 234 2345 tamvenit
245 2299 283 2355 ea
302 2298 350 2338 me
368 2280 483 2352 iecisse,
504 2298 580 2357 quae
599 2279 740 2359 fugienda
756 2262 850 2349 erant,
872 2281 924 2337 aut
938 2279 1028 2337 obmi-

84 2384 175 2454 sisse,
203 2398 281 2458 quae
299 2379 481 2458 praestanda
503 2374 606 2462 ¹erant.
649 2379 715 2438 Hae
735 2361 885 2459 procellae
906 2382 937 2437 et
955 2377 1029 2437 fluc-

82 2487 135 2545 tus
168 2465 379 2557 biuunquam
412 2481 580 2541 cessantia
601 2480 713 2539 animis.
755 2476 908 2556 Adrigitat
928 2483 1035 2536 autem*

56 2585 178 2663 ¹Satan
197 2588 331 2659 quoque,
365 2564 435 2639 cum
458 2567 677 2640 corda'nostra
707 2578 951 2657 promissionibus
971 2575 1027 2637 Det

82 2700 142 2743 non
163 2684 239 2742 bene
253 2680 374 2738 munita
394 2697 459 2739 esse
480 2673 585 2751 scutit,
618 2685 654 2739 ut
682 2678 740 2738 ulia
772 2680 892 2755 spectra
912 2676 974 2735 irae
996 2681 1027 2734 et

82 2780 340 2862 perturbationum
367 2780 397 2837 in
427 2780 511 2838 nobis
533 2780 653 2850 excitet,
682 2778 789 2853 quibus
818 2774 910 2834 corda
929 2775 972 2832 ita
992 2773 1026 2830 ti-

82 2883 238 2959 queseunt,
255 2880 315 2939 eeu
335 2877 381 2937 sal
401 2878 566 2955 conjectum
587 2878 617 2935 in
646 2894 760 2953 aquam
803 2872 905 2937 Quare
924 2890 1026 2931 neces-

81 2980 161 3042 saria
197 2978 272 3043 baec
302 2978 434 3055 precatio
455 2980 517 3047 est,
546 2975 626 3051 quod
647 2978 726 3035 orote
766 2970 893 3043 „breme
920 2969 1025 3028 faciem

81 3083 164 3140 tuam
179 3097 197 3137 a
210 3074 342 3156 poscatis
367 3074 447 3146 meis,
464 3061 501 3134 ¹et
521 3092 621 3134 omnes
646 3073 816 3150 iniquitates
830 3087 911 3128 meas
931 3069 1026 3127 dele.“

22 3240 24 3245 ,
81 3179 198 3250 Omnes,
219 3177 323 3254 inquit,
344 3178 404 3238 tam
423 3175 610 3254 praeteritas,
632 3190 720 3249 quam
732 3172 914 3251 praesentes,
936 3187 1024 3245 quam

81 3278 216 3349 tuturos,
253 3275 385 3353 quotidie
415 3275 492 3333 enim
521 3280 642 3354 pecco,'
660 3288 777 3343 omues,
817 3287 918 3330 omnes
950 3268 1024 3340 dele,

76 3397 120 3440 ne
139 3395 225 3439 ruam
244 3376 276 3436 iu
297 3375 538 3454 desperationem,
562 3375 615 3431 ont
635 3371 792 3431 obliviscar
805 3369 1023 3429 misericordiae

81 3481 161 3540 tuse.
202 3476 262 3537 Hic
279 3476 387 3535 iterum
412 3474 494 3534 rides
525 3471 727 3532 remissionem
753 3474 944 3550 peccatorum
964 3486 1022 3527 non

81 3579 112 3636 in
134 3596 169 3638 eo
191 3594 272 3648 esse,
302 3573 374 3653 quid
405 3592 459 3654 ego
478 3573 599 3644 faciam,
620 3570 675 3631 sed
695 3571 725 3628 io
747 3587 791 3640 eo,
811 3568 947 3628 utxbeus
967 3585 1024 3647 per

116 3667 148 3751 ’ἶ
170 3688 212 3744 ita
229 3689 379 3747 secondom
397 3699 550 3744 enatorum
575 3684 658 3741 iadis.
688 3666 756 3739 odit.¹
776 3662 856 3738 dea.
875 3678 955 3737 Μ.
976 3680 1044 3735 sd·''

56 3772 135 3834 leet.
157 3762 311 3848 leg'aodom
332 3770 399 3841 esta
417 3777 486 3836 edtt.
506 3776 533 3832 d.
552 3791 578 3830 r.
598 3772 683 3834 {5882
701 3774 908 3831 orationes.

119 3980 172 4028 Δ
299 3976 304 3987 ·
512 3966 544 4027 Α
