2190 4064
78 136 120 197 84
231 114 314 148 ‘⁵
444 116 709 217 Enarratio*

68 279 148 359 ‚tna
196 220 281 346 diaeo
307 287 384 347 enim
413 287 587 366 arrogantia
620 288 692 348 feeit
721 286 870 372 fanaticos
895 288 1009 370 spiritus,

66 394 127 470 ‘qui
148 393 227 453 sicut
247 392 329 452 canis
350 389 516 470 Aesopieus
536 393 672 451 umbram
694 396 869 466 sectantur,
896 400 927 455 et
945 396 1009 477 qood
1041 446 1044 451 .

73 515 177 561 aarum
193 501 254 587 est,
276 497 424 557 amittunt
468 497 600 557 Verbum
614 496 748 572 quidem,
772 499 953 576 baptismus,
972 501 1008 559 de·

21 607 24 611 ’
55 603 164 678 ,nique
185 602 249 679 ipse
271 601 422 672 Christus,
442 600 559 695 plena,
587 587 723 682 perfecta
754 607 785 662 et
805 604 926 683 integra
946 608 1007 676 emt,
1043 670 1045 681 ¹

74 705 127 767 sed
149 725 203 796 ιιι
225 707 352 766 hicnon
374 708 412 767 de
434 704 549 767 rebus*
540 707 614 786 rpsis
635 709 760 786 agimus,
782 707 837 768 sed
861 707 898 767 de
918 727 1006 788 appre·
1042 702 1045 713 ’

74 811 339 871 hensionererum.
382 815 432 872 Sic
453 814 514 871 vita
534 815 657 920 aeterna
673 832 743 896 vere
763 817 809 875 est
830 813 1006 891 persectari·

76 920 129 977 cut
135 916 273 976 Christus
286 917 387 976 ιίιίιι·
391 916 443 988 „ln
452 917 538 976 domo
538 884 649 997 ΙΙΙ[ιιιιιιι
663 919 718 977 mei
733 919 902 976 mansiones
916 917 1005 977 mutae

75 1025 179 1094 ιιιιιι,ι
206 1021 310 1105 sedin
331 1022 377 1081 his
398 1025 599 1083 mansionibus
630 1041 700 1092 nos,
730 1021 801 1080 dum
824 1024 874 1082 hio
893 1024 1003 1092 vivimus

73 1126 203 1187 nondum
225 1098 425 1198 consedimus,
462 1146 522 1207 spe
538 1134 654 1187 tautum
676 1146 728 1187 eas
756 1128 957 1205 possidemus,
982 1130 1003 1185 et

71 1250 213 1291 vexamur
232 1233 351 1292 interim
371 1235 521 1312 peccatis,
545 1233 769 1312 desperatione,
791 1234 888 1304 carris,
917 1220 1003 1291 labori·

73 1328 130 1396 bur
152 1340 210 1400 eto.
239 1335 296 1411 ‚Ao
317 1356 528 1414 nonnunquam
560 1338 633 1398 fides
663 1339 736 1398 satis
766 1338 852 1397 firma
880 1342 939 1407 est,
964 1333 1002 1395 sod

10 1483 14 1499 .
72 1461 198 1503 rursum·
213 1442 337 1514 accidit,
372 1448 407 1502 ut
436 1423 474 1501 ιιι
501 1442 714 1502 infirmissima:
749 1442 789 1502 ibi
820 1444 1002 1522 immergimur

71 1551 216 1624 tauquam
243 1547 273 1605 iu
300 1547 563 1625 profundissimum
594 1548 706 1618 lutum,
741 1567 775 1606 er
809 1567 868 1625 quo
898 1545 1003 1608 eluctari

72 1670 134 1713 non
162 1671 334 1732 possumus,
369 1653 439 1728 quin
471 1652 603 1728 undique
632 1651 903 1713 commentemur·
929 1648 1003 1711 Telis

74 1761 122 1819 est
141 1760 203 1817 vita·
224 1759 466 1837 christianorum
496 1759 547 1832 qui
570 1759 633 1838 jam
652 1758 799 1838 primitias
828 1759 951 1841 spiritus
969 1773 1006 1816 ao·

73 1867 228 1941 oeperunt.
269 1861 309 1919 Hi
329 1860 388 1930 usu
409 1846 541 1933 discunt,
574 1883 633 1923 uon
662 1865 721 1924 ista
740 1881 831 1942 posse
864 1865 907 1923 sie
933 1861 1006 1942 plena

72 1966 272 2046 apprehendi,
296 1966 367 2041 quin
380 1984 470 2043 saepe
491 1964 557 2038 fiat3
581 1969 782 2040 otiabantur,
804 1967 1006 2046 periclitentur,

74 2075 105 2131 et
126 2068 310 2149 allevatione
324 2088 400 2148 opus
419 2070 563 2143 habeant,
592 2076 672 2134 sicut
693 2075 831 2152 Christus
854 2074 948 2134 Paulo
971 2090 1007 2131 re
1043 2088 1045 2093 ·

73 2176 211 2256 spondit:
242 2176 362 2247 „Virtus
382 2193 450 2234 mea
470 2178 500 2233 in
521 2176 692 2255 infirmitate
712 2178 897 2257 perficitur.“
938 2177 1008 2238 lufir·
1043 2164 1045 2197 ³

72 2284 163 2356 mitae¹
183 2288 230 2341 est
250 2285 367 2351 nostra,
389 2284 419 2341 et
438 2286 538 2354 manet
557 2287 625 2342 nost
626 2301 678 2355 re,
709 2282 780 2349 dum
801 2285 943 2358 vivimus,
961 2285 1008 2344 vir·

65 2389 123 2455 ιιι
144 2391 245 2449 autem
266 2391 313 2478 est
336 2386 427 2447 solius
450 2386 571 2447 Christi.
635 2447 636 2450 ,

118 2491 253 2553 .Hoo'
245 2512 276 2550 m
295 2494 439 2572 papatu
431 2494 637 2572 ignoravimus.
681 2492 755 2550 Nam
781 2497 813 2552 et
839 2492 878 2552 de
899 2494 1008 2564 sanetis,

68 2600 130 2663 etsi
150 2598 293 2659 historiae
313 2618 467 2658 sacrarum
493 2597 647 2658 literarum
668 2596 818 2677 diversum
848 2599 1008 2666 ostendunt,

70 2702 266 2773 credidimus,
290 2721 340 2763 eos
360 2702 452 2763 fuisse
472 2705 665 2783 purissimos,
686 2706 717 2761 et
738 2688 776 2761 de
800 2705 885 2762 nobis
907 2705 1008 2783 cogita·

68 2811 182 2880 vimara,
204 2810 229 2867 si
251 2810 317 2884 quia
338 2825 449 2879 unum,
470 2814 505 2868 ut
526 2810 570 2869 sic
590 2808 699 2877 dicam,
721 2807 881 2886 gradulum
903 2811 1008 2888 gratiae

66 2911 209 2985 haberet,
238 2913 352 2973 salvum
369 2931 444 2971 esse.
486 2910 533 2973 Aa
553 2931 625 2972 sane
646 2930 705 2970 non
728 2931 802 2992 nego
825 2913 883 2973 hoc
903 2918 1009 2993 pastro

66 3035 164 3089 mum,
196 3021 227 3077 et
248 3022 349 3076 tamen
370 3034 472 3077 verum
496 3020 557 3088 est,
587 3018 764 3096 praesertim
793 3019 824 3075 in
853 3037 958 3098 pugna
985 3018 1008 3074 et

68 3122 296 3197 tentationibus,
332 3122 408 3183 tales
436 3139 527 3201 saepe
565 3121 640 3193 labi,
679 3127 710 3182 et
739 3123 901 3184 scintillam
930 3121 1008 3204 spiri·

67 3230 118 3285 tus
138 3225 259 3305 penitus
281 3229 442 3307 exstingui,
464 3228 541 3286 sicut
555 3225 662 3285 Davidi
684 3229 794 3288 aooidit
813 3228 844 3285 iu
859 3227 1007 3289 adulterio

20 3313 23 3319 Δ
69 3330 171 3409 Quare
200 3331 377 3393 excutienda
408 3331 483 3389 haec
517 3336 564 3389 est
593 3332 781 3409 papistarum
809 3331 924 3410 opinio,
957 3348 1007 3409 qua

69 3436 159 3502 animi
171 3434 340 3497 redduntur
361 3438 473 3506 securi,
495 3450 531 3495 ao
550 3439 660 3514 putant
682 3439 754 3497 satis
776 3455 859 3506 esse,
882 3438 1008 3516 coepisse

69 3540 144 3600 haee
164 3538 264 3599 semel.
305 3539 347 3600 Δι
376 3536 514 3598 Christus
545 3539 630 3599 dicit:
672 3541 751 3611 „oui
778 3538 1008 3620 perseveraverit

70 3647 101 3704 in
121 3645 225 3717 finem,
253 3645 303 3704 hic
324 3643 424 3704 salvus
445 3644 529 3703 erit.“
571 3645 689 3710 auersi
709 3645 776 3722 quis
803 3650 876 3724 post
902 3645 1007 3726 baptis·
