2190 4064
71 301 73 309 ,
103 238 144 299 80
366 234 377 241 ”
441 239 648 304 llnacratio
682 214 685 219 Ι

104 392 271 451 sanctitatis
299 391 405 467 (sicut
426 393 513 452 etiam
535 380 644 454 veritas
664 395 838 471 abscondita
858 398 964 475 latet),
993 401 1045 460 do·

20 554 21 559 1
103 509 233 570 necjper
255 493 378 550 verbnm
398 491 583 570 argueretur,
605 497 635 559 et
646 493 831 555 revelaretur
840 501 949 558 veritas
970 499 1045 558 haec

103 591 284 652 abscondita
327 589 373 649 lo
408 591 484 652 talos
513 594 635 671 respicit
661 595 821 674 propheta,
856 617 922 656 cum
955 598 1043 668 dicit;

101 690 207 771 Diligis
232 692 393 751 ueritatem
419 693 450 750 in
465 682 658 779 abscondito,
687 697 769 770 quasi
791 695 886 754 dicat:
929 697 974 755 llli
995 696 1044 756 alii

101 790 201 851 fucati·
214 786 316 862 sancti,
338 793 389 867 qui
410 791 550 863 incedunt
569 794 599 852 in
620 793 681 854 zelo
702 794 775 873 legis
801 796 1045 874 irreprehensibi-

95 891 146 951 les
168 894 198 951 et
218 894 342 971 sperant
361 909 394 949 se
414 890 510 971 diligi,
537 892 595 971 ,qui
626 911 682 972 pro
712 895 836 971 justitiis
864 896 937 979 siris!
946 897 1045 973 parati
1066 960 1070 965 ,

102 992 274 1064 summoti,
297 984 455 1069 et¹putant
470 1010 507 1051 se
528 1010 564 1051 ac
585 992 758 1053 studia-sua
780 1008 845 1054 esse
859 994 921 1054 Deo
942 995 973 1052 in
994 994 1045 1054 dc-

18 1078 21 1085 *
101 1090 186 1162 liciis,
206 1091 336 1167 hilsunt,
358 1108 432 1167 quos
448 1094 582 1151 'extreme
603 1093 707 1163 odisti,
721 1093 818 1152 divino
841 1097 871 1153 et
891 1094 1045 1173 insupera-

101 1188 154 1250 bili
176 1189 251 1250 odio.
289 1191 373 1269 x(luia
393 1194 428 1251 tu
446 1195 564 1251 tantum
595 1191 692 1271 diligis
713 1192 916 1252 absconditam
935 1195 1047 1253 uerita·

93 1293 172 1362 teria·
191 1291 266 1349 istos
286 1289 456 1369 hypocritas
478 1295 508 1350 et
529 1293 673 1370 superbos
688 1296 814 1364 sanctos,
836 1294 886 1369 qui
901 1293 1044 1354 incedunt

101 1388 132 1449 in
151 1377 410 1469 religiosulus,
441 1408 499 1450 non
517 1389 627 1471 diligis.
664 1382 718 1450 nd
736 1391 817 1450 hunc
836 1392 955 1451 modum
975 1412 1044 1453 cum

101 1490 300 1550 mussitatione
320 1488 483 1549 doctrinam
504 1494 534 1550 et
555 1488 780 1562 consolationem
805 1490 902 1551 David
922 1493 1044 1570 conjun-

100 1592 153 1672 git
195 1590 270 1649 Nam
289 1608 359 1661 nos,
381 1591 432 1666 qui
459 1591 612 1649 veritatem
632 1590 688 1649 Dei
708 1591 805 1669 gratia
825 1591 981 1662 habemus,
1012 1597 1043 1650 et

11 1666 15 1679 ι
101 1691 276 1785 confitemur
304 1708 358 1749 nos
380 1708 445 1749 esse
461 1692 650 1769 peccatores,
682 1690 778 1750 Deum
811 1696 909 1750 autem
927 1692 1043 1769 justum

42 1834 46 1838 -
102 1810 176 1863 esse,
197 1811 255 1852 non
268 1792 433 1869 possumus
454 1791 497 1848 ita
516 1780 604 1868 plene
624 1794 756 1849 statuere
772 1810 825 1850 nos
848 1791 935 1851 clleo
951 1789 1052 1875 diligi,

100 1894 180 1953 sicut
208 1878 293 1950 isti
284 1910 315 1977 ιιι
336 1886 495 1947 mendaciis
523 1890 612 1967 positi
643 1894 780 1949 statuunt
813 1896 845 1950 et
872 1891 960 1970 pleno
991 1910 1043 1950 ora

12 2020 17 2025 ·
76 1992 214 2071 ¹jactant
234 2008 267 2048 sc
298 1986 435 2066 diligi,
426 2005 483 2045 amo
512 2006 579 2046 cum
599 1988 731 2049 videmus
752 1988 998 2049 multitudinem
989 2009 1042 2049 ιιιι-

99 2091 222 2172 piorum
237 2091 280 2146 ita
292 2084 496 2166 praefractam
517 2105 590 2156 esse,
612 2090 642 2146 et
667 2090 710 2148 sic
729 2107 920 2168 praesumere
939 2090 1007 2149 de'
994 2109 1044 2168 Ju—

100 2190 189 2261 stitiis
216 2188 277 2247 suis
299 2191 329 2245 et
350 2185 405 2244 Dei
431 2185 601 2258 dilectione,
634 2205 723 2267 saepe
750 2188 906 2266 dejicimur
935 2191 1040 2249 animo.

45 2352 48 2357 ,
101 2290 163 2351 Sed
178 2280 235 2349 hoc
249 2285 416 2346 iaciendum
429 2289 494 2343 erat
504 2275 613 2364 potius,
633 2292 669 2347 ut
681 2288 811 2349 laetitias
826 2294 857 2349 et
877 2288 1042 2368 trinmphos

100 2393 173 2451 istos
198 2390 465 2454 contemneremus,
498 2390 529 2444 et
551 2377 773 2458 statueremus,
809 2406 859 2447 eos
890 2407 954 2446 esse
986 2408 1042 2447 cen

101 2494 234 2551 stercora
263 2489 293 2544 in
308 2462 416 2545 loculis
437 2483 506 2556 Dei,
536 2491 566 2545 et
587 2487 847 2558 abominationem,
870 2489 939 2563 quia
958 2484 1041 2546 Deus
1082 2537 1088 2556 ,

98 2591 199 2649 fucum
218 2593 280 2647 tam
299 2566 332 2643 in
351 2585 485 2645 doctrina
506 2603 593 2661 quam
612 2583 675 2645 uita
693 2586 763 2644 odit.
805 2586 886 2665 Ergo
906 2587 1044 2665 hypocri-

99 2693 197 2749 tarum
232 2688 329 2766 pietas
356 2691 403 2744 est
423 2703 537 2743 summa
556 2686 708 2764 impietas,
737 2704 838 2744 eorum
865 2689 973 2746 veritas
995 2694 1043 2747 est

99 2794 245 2847 summum
275 2785 468 2844 mendacium.
512 2785 638 2855 Contra,
667 2786 717 2861 qui
739 2774 870 2844 sentiunt
890 2786 1043 2846 infirmita-

88 2891 160 2946 ‘tem
181 2905 272 2955 suam,
295 2889 326 2943 et
346 2888 694 2963 agnoscuntpeecatum,
714 2878 745 2942 ni
766 2890 836 2944 sunt
856 2887 887 2943 in
907 2888 1041 2946 veritate.

182 2988 244 3045 Gur
264 2986 356 3063 igitur
376 2984 505 3061 paventi
538 2983 601 3041 Cur
622 3002 687 3042 non·
701 2983 872 3043 conliduntt
902 3004 969 3043 cum
993 2987 1043 3046 hic

87 3085 225 3147 ‘audiunt
246 3084 318 3143 dici:
349 3082 410 3140 Tu
430 3082 512 3142 Deus
535 3102 582 3154 es,
604 3084 654 3159 qui
674 3083 772 3161 diligis
797 3086 952 3144 veritatem
973 3088 1041 3144 abs-

99 3186 255 3246 conditam.
297 3183 463 3259 Utrumque
491 3183 582 3261 igitur
601 3201 742 3261 perverso
771 3183 857 3241 modo
879 3184 924 3255 lit,
946 3186 1041 3244 fucati

98 3275 193 3346 sancti
214 3287 408 3383 praesumunt
434 3282 472 3340 de
501 3282 672 3354 dilectione,
704 3301 772 3341 cum
806 3264 931 3342 sintin
964 3285 1040 3363 odio,

65 3364 69 3375 ¹
99 3390 227 3454 econtra,
250 3385 310 3459 qui
306 3385 349 3440 in
370 3382 494 3440 veritate
503 3386 580 3451 sunt
603 3401 651 3458 qur
644 3381 842 3441 creduntet
852 3383 1034 3443 confitentur

98 3485 260 3546 secundum
280 3482 358 3560 quod
379 3481 544 3540 audiuntin
560 3482 648 3539 verbo
661 3480 724 3551 Dei,
747 3482 824 3557 quod
848 3484 959 3543 scilicet
981 3485 1042 3543 sint

73 3636 76 3641 ,
97 3588 268 3665 peccatores
290 3564 309 3642 a
328 3587 460 3659 tompore
481 3580 688 3658 conceptionis,
711 3587 741 3639 et
761 3581 840 3655 quod
861 3584 941 3641 solus
958 3581 1040 3642 Deras

92 3687 196 3763 justus
218 3684 314 3756 sitiri
336 3682 373 3742 de
395 3681 550 3742 dilectione
571 3678 722 3751 dubitant,
751 3687 780 3740 et
802 3688 937 3741 metuunt
957 3683 1040 3745 iram.

262 4002 343 4032 *r
518 3976 555 4031 Ἀ
