2190 4064
102 208 162 313 Ιώ
418 230 749 299 Praeieo'tiones'

97 389 146 450 iil.
168 386 272 468 aoid
292 384 409 449 detur'
428 391 506 451 tibi
526 396 595 452 aut
615 390 710 467 quid
731 384 1084 471 apponatur-tibi

256 526 258 531 -
347 488 394 547 ad
416 490 588 569 linguam
610 490 807 550 dolosamt
933 490 936 495 '

100 587 166 671 IV„
192 589 376 668 Sagittae
408 592 592 668 potentis
615 595 766 661 aeratae,
789 592 1058 653 cumcarbo·

340 689 473 749 nibus
500 689 816 749 desolatoriis.

184 785 226 847 Hi
246 805 351 847 versus
373 808 441 849 cum
463 789 581 849 facilem
610 791 787 849 sententiam
805 789 946 861 habeant,
976 790 1057 867 varie

41 886 44 891 ’
103 882 226 948 tractati
259 892 329 948 sunt
348 906 367 947 a
386 890 537 968 patribus,
569 894 695 969 propter
729 890 860 968 ineptam
881 890 1066 949 versionem.-

103 985 146 1046 Aa
165 988 328 1066 praecipue
348 984 535 1067 Augustinus
555 990 632 1049 bene
659 989 708 1049 bic
735 1008 768 1049 se
788 993 932 1047 macerat.
975 987 1056 1055 Quid
1077 1060 1081 1065 Ι

100 1085 224 1147 'dabitur
243 1083 313 1158 tibi,
335 1076 462 1167 exponit,
483 1086 515 1145 id
536 1091 600 1159 est,
623 1105 680 1164 quo
701 1087 831 1146 remedio
853 1086 1054 1149 liberaberisi

103 1191 136 1246 et
155 1186 334 1265 respondet:
376 1185 503 1268 Appoue
523 1185 571 1245 rel
590 1176 629 1245 da
648 1187 719 1246 mibi
743 1187 886 1265 sagittas,
915 1187 974 1249 hou
1001 1194 1055 1263 ast,

26 1274 28 1281 ¹
104 1284 292 1364 evangelion,
325 1291 355 1347 et
384 1305 453 1347 cum
482 1285 539 1345 boc
572 1288 731 1358 carbones,
768 1286 824 1344 boc
839 1288 900 1357 est,
923 1286 1056 1366 exempla

102 1390 232 1467 patrum.
273 1377 490 1447 Haeo‘multis
525 1384 675 1465 disputat,
708 1386 762 1446 sed
791 1403 844 1445 nos
867 1403 903 1445 ea
924 1370 1081 1471 sinamus

104 1487 206 1546 ualere
227 1492 372 1565 quantum
399 1486 512 1559 ualent.
553 1484 621 1545 Etsi
649 1487 727 1557 enim
753 1486 957 1566 propria'non
978 1470 1054 1557 sunl,

26 1666 28 1673 Α
104 1590 205 1647 tamen
226 1606 324 1663 neque
344 1587 528 1647 haereticum
548 1602 604 1645 neo
632 1586 748 1643 noxium
769 1590 831 1656 est,
860 1584 891 1642 in
911 1585 978 1645 loeo
997 1600 1055 1644 non

104 1687 227 1766 proprio
261 1688 370 1747 bonam
402 1688 579 1747 sententiam
615 1702 672 1764 per
712 1684 898 1746 catachresin
938 1684 1053 1745 afferre.

104 1788 193 1858 Sunt,
215 1791 251 1846 ut
273 1787 315 1846 sic
337 1787 441 1859 dicam,
463 1787 519 1854 bae
539 1783 709 1845 tolerabiles
729 1784 858 1862 ineptiae
873 1778 1053 1859 sanctorum,

103 1904 159 1945 nos
180 1890 296 1957 tamen,
327 1886 405 1945 sicut
431 1887 614 1964 interpretes
643 1884 742 1954 decet,
764 1884 914 1962 propriam
937 1876 1055 1945 senten·
1086 1954 1091 1961 ι

105 1984 179 2043 tiam
200 2002 367 2061 sequemur.
410 1985 461 2044 Sic
495 1986 588 2063 igitur
620 1983 764 2043 reddendi
786 1986 856 2042 sunt
876 1984 906 2041 bi
929 1984 989 2043 duo
1010 2003 1063 2046 se·

107 2086 232 2160 quentes
251 2101 374 2142 versus:
1046 2136 1051 2144 .

129 2181 210 2247 (tuid
230 2182 341 2262 poterit
361 2185 391 2241 in
411 2185 443 2242 te
464 2181 567 2262 lingua
585 2181 692 2243 dolosa
702 2185 720 2241 i'
738 2190 791 2242 aut
812 2183 884 2260 quid
905 2176 1034 2242 officiati

127 2281 185 2343 llst
204 2286 240 2341 ut
261 2286 366 2341 acutae
388 2284 514 2362 sagittae
535 2285 674 2362 potentis,
696 2289 732 2343 ut
753 2286 829 2363 ignis
851 2285 881 2341 in
895 2282 1054 2367 juniperis.

187 2368 382 2462 interrogatio
416 2401 450 2445 eo
471 2384 617 2463 pertinet,
653 2387 688 2442 ut
709 2403 742 2442 se
763 2384 886 2452 excitet,
916 2384 947 2443 et
963 2383 1054 2457 ,quasi

107 2485 291 2545 occasionem
311 2484 440 2545 instruat
461 2483 646 2544 accusandae
666 2483 785 2561 linguae
814 2481 943 2552 dolosae,
975 2482 1055 2567 sicut

106 2584 240 2663 proiecto
261 2583 433 2663 gravissime
467 2581 608 2643 describit
630 2585 744 2642 duabus
767 2582 931 2658 insignibus
953 2578 1054 2640 simili-

106 2682 278 2757 tudinibus,
301 2699 389 2758 quam
416 2681 561 2765 pestilens
586 2672 635 2742 res‘
657 2684 696 2741 sit
728 2683 816 2759 impia
838 2680 989 2751 doctrina,
1024 2682 1054 2739 et

108 2780 182 2858 quid
217 2779 255 2839 de
286 2797 322 2840 ea
348 2779 430 2840 neus
465 2786 495 2841 et
527 2780 698 2860 spirituales
736 2780 867 2838 homines
904 2779 1053 2857 judicent.

105 2880 204 2943 Primo
225 2885 376 2959 comparat
397 2895 460 2938 eam
482 2882 622 2959 sagittae,
644 2898 701 2938 non
731 2880 868 2949 obtusae,
901 2878 957 2938 sed
974 2888 1054 2938 'aeu-

107 2981 173 3049 tae,
195 2978 302 3039 deinde
323 2998 399 3055 quae
420 2976 593 3056 ejaculatur,
615 2997 673 3037 non
693 2981 730 3036 ab
752 2977 869 3048 imbelli,
892 2978 947 3037 sed
967 2996 986 3036 a
1006 2996 1053 3037 ro·

107 3078 213 3148 busto,
249 3082 284 3137 ut
303 3080 453 3153 utrimque
473 3077 639 3159 periculum
660 3078 717 3150 sit,
745 3082 775 3136 et
797 3060 833 3135 ab
855 3078 921 3155 ipsa
942 3078 1054 3155 sagitta¹

107 3174 147 3236 ad
166 3161 384 3255 penetrandum
405 3182 490 3255 apta,
520 3180 551 3235 et
571 3178 608 3235 ab
631 3195 680 3248 eo,
712 3178 763 3253 qui
783 3176 875 3235 telum
896 3194 1005 3256 magna
1024 3176 1053 3235 vi
1079 3222 1082 3227 .

107 3280 236 3351 torquet.
278 3276 373 3354 igitur
391 3274 541 3346 diabolus,
574 3276 789 3351 baereticorum
810 3280 911 3355 pater,
932 3277 981 3335 bio
1002 3292 1054 3335 no·

108 3375 155 3436 bis
175 3372 418 3453 proponitur¹⁶)
441 3379 581 3451 tanquam
596 3376 680 3434 miles
700 3376 876 3436 exercitatus
893 3381 924 3436 et
937 3380 1053 3455 potens,

29 3508 32 3513 ·
108 3475 161 3550 qui
189 3476 294 3533 contra
319 3474 473 3535 ecclesiam
504 3494 522 3534 a
559 3475 724 3535 conditione
754 3475 900 3534 humanae
928 3480 1054 3541 naturae

109 3573 269 3653 pugnavit,
294 3577 325 3632 et
352 3592 522 3653 quanquam
551 3591 641 3654 saepe
671 3576 710 3634 sit
731 3578 841 3645 victus,
874 3580 1055 3635 nontamen

114 3664 324 3679 m

162 3684 214 3753 lt)
233 3682 346 3739 Pictura
365 3684 469 3743 diaboii
488 3694 518 3742 et
534 3685 678 3759 impiorum
700 3689 852 3743 doctorum.

451 3940 481 4002 i
