2190 4064
74 118 146 181 ¹⁸⁰·
187 180 193 187 .
382 90 668 188 ''Enarrrtio
779 80 784 87 -

47 268 52 291 ‘
163 269 245 351 Ergo
259 268 359 362 'saepe
380 278 412 336 el
432 275 563 339 libenter
580 280 638 341 hoe
649 280 779 354 lreuloo,
799 286 836 345 et
849 286 935 345 extra
945 283 1023 345 Chri-

77 379 156 434 stnm
178 377 281 438 oeulos
302 383 334 440 el.
354 397 445 441 eures
464 381 626 456 claudatis,
648 384 820 459 etdieatlo,
841 387 958 449 nnllam
975 408 1022 451 voe

77 480 291 563 seirellleum,
321 484 379 544 nisi
401 487 452 562 qni
471 487 579 548 lnitsin
600 491 712 567 gremio
734 489 870 564 hieriae,
903 506 935 554 et
951 497 1023 555 suxit

76 587 170 645 ubera
201 587 276 665 ejas.
339 588 396 648 Ubi
423 590 474 650 ille
493 590 577 652 Dens
602 593 742 654 Christus
770 594 867 658 Jeans
897 603 956 671 est,
985 599 1023 659 ihi

22 684 24 693 '
77 694 123 749 ost
154 696 236 751 totus
265 685 348 753 Ileu'e
374 710 428 753 seu
458 698 524 759 tola
551 695 705 770 divinitas,
737 700 781 758 ihi
803 701 957 762 invenitur
975 717 1023 780 pr-

76 800 124 855 ler
150 800 181 867 et
202 795 334 875 Spiritus
366 807 506 859 sanetus:
537 805 623 861 extra
650 802 732 863 hune
758 803 1022 871 Chriatnmlltes

77 914 225 975 nusquam
255 903 303 959 eat
332 919 389 962 neo
415 903 576 983 invenitor.
618 906 738 967 Multos·
759 910 829 970 novi
858 909 1021 982 mehemet,

46 1049 49 1055 ,
76 1004 142 1079 qui,
164 1021 231 1063 enm
255 1004 414 1067 crederent
433 1008 533 1068 Deum
554 1011 740 1091 apprehendi
767 1030 865 1092 posse
894 1015 1023 1077 homenis

76 1090 346 1188 speculationibus,
381 1113 411 1173 in
432 1112 608 1192 gredssima
627 1114 762 1194 pericula
776 1117 973 1192 inciderunt,
995 1122 1022 1179 et

75 1215 131 1272 nisi
153 1232 200 1273 me
220 1212 304 1274 Deus
325 1216 470 1296 singulari
490 1217 634 1278 beneficio
661 1220 699 1278 ab
725 1219 832 1282 eedem
861 1224 1021 1285 tentatione

75 1320 251 1390 liberasset,
280 1298 428 1400 praeceps
448 1321 577 1382 rasissem
598 1323 628 1382 in
649 1325 799 1385 exitium..
822 1325 908 1390 Utile
928 1334 1019 1391 auten

76 1431 123 1486 est
143 1418 182 1483 ad
203 1425 308 1495 vitem,
331 1424 455 1486 aliorum
475 1425 617 1506 periculis
640 1429 788 1491 eantiores
809 1430 889 1493 liert.
998 1476 1000 1483 -

94 1556 99 1567 ·
157 1529 224 1591 Etsi
245 1535 346 1589 autem
366 1531 531 1611 prophete,
564 1534 600 1590 ut
621 1530 695 1602 dixi,
727 1533 776 1592 hie
796 1535 1018 1597 nnllam-naeni-

74 1636 180 1696 testem
201 1635 380 1695 mentionem
402 1635 623 1715 laeli-templi,
649 1639 936 1715 tamen-videbitis,
963 1658 1015 1719 qno
1054 1720 1057 1729 Ι

72 1741 160 1801 modo
180 1740 310 1802 involvat
330 1740 554 1819 promissionem
576 1739 615 1800 de
636 1720 756 1805 Christo
768 1741 816 1820 ὅ).
856 1744 928 1806 Hae
946 1746 1014 1806 enin

73 1847 163 1924 hujus
184 1846 291 1926 psalmi
312 1850 520 1925 argumentann
542 1849 605 1914 eat,
626 1846 705 1925 quod
729 1848 935 1924 nullanetus,
953 1868 1018 1930 prs·⁸

74 1951 118 2011 tie
139 1955 169 2010 ot
186 1949 359 2029 justificatio
380 1949 530 2022 niellesit,
550 1950 608 2010 nisi
628 1951 659 2009 in
674 1949 739 2011 Deo
758 1952 934 2031 remittpnte
951 1971 1012 2035 peo-

73 2056 149 2125 eata,
171 2054 394 2132 etignoscente.
437 2054 575 2113 leantem
584 2053 676 2126 Deus,
697 2072 736 2116 an
757 2057 914 2135 astallus,
933 2074 1010 2137 qaam

72 2161 123 2236 qui
146 2159 233 2218 dixit:
275 2142 401 2230 „Samen
435 2158 568 2219 mulieris
594 2164 739 2220 ¹conteret
770 2166 866 2242 eaput
896 2159 1008 2223 ieiumi

72 2265 154 2345 Bago
174 2264 270 2327 lleum
299 2244 510 2346 promissorem
538 2264 695 2345 intelligit,
731 2269 763 2325 el
791 2267 837 2348 aie
858 2260 1008 2327 'Christum

73 2369 204 2433 ostendit
223 2372 402 2451 promissum
425 2373 556 2447 epatre,
577 2373 612 2429 'nt
633 2372 714 2429 esset
734 2363 855 2430 victima
872 2388 930 2450 pro
950 2388 1009 2450 peo-

71 2479 148 2539 eatis
168 2477 286 2548 mundi,
309 2480 339 2535 et
360 2479 474 2535 tractat
492 2474 689 2554 principalem
709 2473 817 2546 locum,
840 2477 893 2553 qni
915 2480 960 2536 est
977 2473 1009 2533 de

68 2582 366 2664 justitiaehristiana,
391 2578 521 2639 item-de
535 2578 885 2658 sapientia-christiana,
907 2597 960 2639 seo
977 2576 1009 2635 de

71 2689 166 2767 moria
181 2685 303 2746 Christi.
346 2682 431 2741 llaec
452 2682 548 2743 David
569 2684 680 2742 tractat
700 2682 820 2760 rigente
842 2686 874 2743 et
894 2683 1009 2743 llorenle

70 2793 137 2872 lege
157 2809 194 2850 eo
215 2789 345 2848 cultibus
367 2786 523 2866 legalibus,
546 2791 577 2846 et
590 2785 709 2866 prosilit
729 2791 814 2845 extre
834 2792 925 2866 septa
944 2786 1009 2865 lepis

69 2897 101 2955 in
122 2893 309 2974 paradisum,
344 2890 392 2948 vel
420 2893 522 2970 potius
543 2892 573 2948 in
595 2892 693 2969 ipsum·
714 2889 829 2951 coelam
851 2891 1009 2969 pretiaeet

69 2996 299 3061 misericordiae.
341 2996 405 3054 (lor
438 2995 515 3053 enim
550 2995 678 3074 gratiam
708 3011 767 3052 non
795 2990 1010 3074 appellaremus

70 3098 200 3174 eoelum,
221 3118 277 3180 per
296 3117 386 3177 quam
407 3080 584 3157 ad'coeium
607 3100 795 3174 transimus,
808 3101 841 3157 et
861 3116 942 3174 quae
960 3112 1010 3157 noo

68 3209 200 3288 lapibus,
229 3223 286 3263 noo
315 3203 416 3275 iactis,
445 3203 642 3263 non‘studiis
670 3202 739 3263 ullis
759 3204 864 3282 potest
883 3219 1011 3282 compre·

67 3308 171 3383 heddi,
200 3308 253 3369 sed
281 3315 422 3385 tanquam
443 3307 658 3387 amplissimum
679 3307 795 3381 coelum
814 3303 1010 3387 apprehendit

67 3457 268 3475 ,Μ

137 3540 171 3609 o)
193 3537 351 3608 Propheta,
385 3537 449 3608 qaia
480 3542 543 3590 orat
561 3533 802 3604 preaeminemus
820 3541 1009 3605 penestoran,

68 3636 185 3693 includit
205 3632 356 3689 Christum.
