2190 4064
47 216 158 323 '214'
217 300 220 307 ,
389 218 707 341 ΙῗζιαοΙιυοῐὶοῐιοι
972 212 977 223 ’

55 394 117 453 Ἰν.
139 394 241 456 Eece
260 410 331 454 non
353 393 587 455 dormitabit
608 407 734 472 neque
755 372 937 468 dormiet,
955 402 999 475 q'u

383 496 563 583 costodit
594 494 731 555 lsrael
780 534 786 543 ·
902 575 905 581 Ι

153 592 238 653 llaec
275 612 392 672 quoque
427 599 500 655 sunt
534 597 627 656 verba
663 594 820 655 mendacis
858 594 1000 665 secundus

73 711 200 767 carnem,
222 713 292 753 nom
315 696 391 754 enim
412 695 470 755 hoc
491 698 537 755 est
559 695 720 781 custodiro,
741 696 856 754 cumin
872 712 1000 756 carceres

35 811 37 816 ·
72 794 262 871 conjicimus,
284 800 314 854 et
335 796 482 855 tradimur
500 795 599 855 lictori
621 794 793 854 cremandil
816 814 884 855 cum
906 812 1000 856 exores

71 912 140 953 mur
160 913 179 953 a
200 896 312 967 Satana
339 899 371 954 et
396 895 506 955 mundo
526 895 616 956 variis
635 884 848 955 incommodisl
876 896 934 969 imo
952 912 1000 955 ou

66 984 137 1072 ‘i'pse
157 992 297 1055 Christus
319 995 451 1074 affigitur
473 995 576 1055 crusii
598 1013 673 1055 curo
686 995 823 1074 baptista
844 986 885 1055 ad
904 996 1000 1057 arbitri·

71 1117 121 1157 um
149 1099 357 1158 meretriculae
382 1101 542 1168 truncatur
569 1094 689 1174 capitol
725 1094 778 1157 dn*
800 1103 862 1156 'non
893 1092 1000 1159 eitrem

24 1190 27 1195 ⁵
71 1200 212 1269 barbaria
250 1209 296 1258 est
331 1200 409 1258 hanc
439 1181 592 1278 appellare
622 1194 803 1269 custodiam,
834 1199 887 1259 ubi
908 1214 1000 1259 summ

73 1300 203 1360 desertio
226 1300 292 1360 esti
318 1299 397 1358 Caro
418 1297 729 1375 itaqueantiphrases
751 1288 817 1357 esse
834 1298 961 1377 judicat,
976 1314 1000 1356 u*

12 1448 16 1459 ,
54 1389 127 1480 per
147 1400 245 1461 Deum
266 1398 420 1487 custodem
440 1396 589 1476 intelligas
606 1395 799 1457 desertorem.
840 1384 936 1479 lffitdr
948 1414 1000 1485 suo]

69 1501 146 1563 haec
166 1503 257 1562 acrba
283 1500 407 1578 spiritus
437 1503 468 1559 et
493 1496 577 1570 fidei,
607 1516 666 1557 non
694 1498 792 1557 carnis
819 1517 877 1559 noc
905 1516 1000 1559 sensns

15 1621 20 1626 ·
71 1602 243 1662 Secundum
264 1620 385 1665 carnem
406 1601 483 1683 enim
504 1617 563 1658 non
595 1597 755 1659 custodivit
782 1596 866 1658 Dedo
892 1600 1000 1679 patriar·

72 1704 157 1765 cham
179 1700 287 1774 Jacob,
316 1690 383 1760 cum
404 1702 517 1780 periret
538 1698 651 1778 Joseph
679 1697 860 1758 crudelitate
884 1694 1000 1783 lratmm

71 1808 102 1862 et
122 1812 222 1862 tamen
242 1805 349 1881 postea
369 1820 418 1860 res
440 1798 570 1860 ostendit
591 1799 635 1858 sic
663 1798 845 1858 custoditum
876 1818 954 1872 esse,
975 1816 1000 1857 a

70 1902 184 1981 Joseph
205 1905 320 1960 tantum
337 1919 395 1960 non
419 1920 471 1959 rex
491 1898 622 1979 Aegypti
644 1897 746 1981 deret.¹
814 1884 817 1889 ¹
959 1888 986 1909 '¹

89 2040 92 2044 -
154 2003 205 2060 Sic
226 2019 285 2060 non
311 1997 443 2058 custodit
471 2016 525 2057 nos
554 1998 705 2070 dominus,
735 1998 807 2075 quin
836 1996 1000 2069 moriendum

70 2102 123 2173 sit,
146 2101 218 2176 quin
238 2099 390 2158 videamus
410 2096 521 2156 funcra
536 2097 643 2164 uxoris,
664 2097 832 2171 liberorum,
853 2083 1000 2179 parentum

22 2215 25 2221 ’
71 2202 143 2278 quin
165 2200 336 2259 divexemur
357 2197 488 2274 quotidie
509 2216 527 2255 a
547 2199 677 2268 Semne,
700 2200 770 2275 quin
791 2200 882 2263 variis
902 2194 1000 2279 injurii

52 2291 236 2361 'afficiamur
258 2300 295 2357 ab
316 2300 433 2377 ingrato
461 2302 491 2358 ct
512 2297 589 2356 malo
611 2299 730 2357 muodo.
773 2299 833 2360 Hic
854 2300 906 2360 ubi
927 2310 1000 2379 app!

70 2405 119 2459 ret
147 2398 303 2459 custodiat
335 2402 387 2459 ubi
415 2407 542 2482 apparet
567 2402 664 2465 Deum
685 2383 985 2481 supor'nossigiltre

69 2500 164 2579 lgitur
198 2499 315 2560 levandi
352 2500 429 2559 oculi
458 2507 529 2563 sunt
556 2502 596 2562 ad
623 2489 754 2570 montes,
788 2502 841 2560 ubi
870 2490 1000 2567 mandavi

69 2602 202 2668 verbum,
225 2600 265 2657 ibi
286 2599 514 2663 auscultandum
538 2608 592 2671 est,
614 2600 896 2679 quid'loquoturdo
917 2596 1000 2661 saneto

66 2699 180 2778 templo
203 2717 265 2769 suo,
287 2717 401 2778 nempe,
424 2703 503 2778 quod
524 2723 584 2763 non
605 2704 644 2763 sit
657 2700 860 2762 somnolentus
876 2698 1000 2762 deserto!

68 2800 147 2858 sicut
165 2798 283 2877 judicat
304 2817 373 2857 caro
395 2804 513 2871 nostra,
536 2802 589 2862 sed
611 2805 711 2862 custos
733 2804 763 2861 et
779 2800 870 2880 aigil,
892 2804 941 2880 qui
959 2798 1000 2879 pfl

67 2900 152 2959 nobis
175 2900 321 2959 estcubat.¹
351 2897 417 2958 Hoc
438 2903 562 2960 verbum
582 2886 657 2960 fides
679 2902 897 2982 amplectitur,'
922 2905 950 2962 et
967 2908 1000 2957 ιο

68 2998 200 3059 eundum
220 2997 278 3058 hoo
293 3000 418 3058 verbum
432 2999 556 3078 judicet,
577 3003 766 3076 quantumvis
783 3020 851 3062 caro
867 2992 1000 3062 reclamet

69 3102 100 3156 et
121 3097 287 3165 secundum
309 3117 429 3167 sensum
450 3118 537 3158 suum
559 3099 705 3159 existimet
725 3100 821 3160 Deum
840 3120 898 3162 nec
917 3100 1000 3162 vider⁴

67 3215 124 3255 nec
145 3196 276 3281 audire„
295 3197 350 3257 sed
371 3217 437 3258 esse
462 3198 586 3257 similem
607 3199 658 3269 iis,
688 3200 724 3258 do
746 3202 855 3277 q'uibus
884 3202 1000 3282 psalmo

67 3295 158 3355 dicit:
179 3293 296 3367 „dum
317 3297 429 3378 habent
452 3306 483 3358 et
503 3317 562 3356 non
583 3300 716 3372 audiunt,
738 3301 841 3361 oculos
861 3303 997 3363 habente

67 3408 127 3456 non
148 3394 322 3455 videbunt.“
362 3398 467 3474 ltaque
495 3397 600 3467 laudat
630 3419 717 3460 suum
746 3400 834 3460 deum
861 3408 1000 3462 mammo¹¹

65 3500 101 3555 ut
117 3512 236 3574 sompes
255 3496 286 3554 in
306 3503 412 3576 pesato
434 3498 474 3558 sit
493 3499 629 3577 pecunia,
652 3504 682 3559 et
700 3500 846 3577 quidquid
865 3504 905 3563 ad
926 3504 1000 3564 titel¹

67 3612 144 3674 opus
171 3599 226 3655 est.
268 3594 335 3657 Hoc
361 3597 540 3678 punctulum
568 3599 732 3659 admirator
762 3605 793 3659 et
824 3590 1000 3683 amplectite!

66 3712 152 3770 caro,
181 3713 236 3761 nec
265 3698 365 3776 videt,
390 3698 463 3778 quid
491 3698 627 3787 loturum
654 3700 707 3773 sit,
736 3718 804 3762 eam
832 3700 1000 3766 moriendo!

354 3930 423 4009 ‚Ta
