2204 4058
45 198 132 281 'rr-o
389 218 698 279 Praaioetioues
815 246 821 259 ¹
858 250 861 257 ·

71 389 127 452 per
147 372 271 451 impium'
283 371 447 431 doctrinam
464 368 494 431 et
508 372 608 433 cuitus
623 373 736 451 impios,
750 342 886 453 corporis
899 324 1021 433 'extum

73 473 190 549 quaerit
216 470 336 529 infinitis
364 473 533 544 conatibus,
564 490 638 551 quos
668 472 801 531 ridemus
831 472 1021 549 quotidinia

68 572 157 630 uobis
180 575 210 629 et
230 570 305 629 aliis.
349 571 437 635 Quod
459 572 550 649 igitur
578 572 630 631 ilia
659 575 713 632 aut
740 590 799 629 non
824 570 918 643 fiunt,
944 573 1021 634 areu

72 675 206 741 conatur,
227 673 281 729 aut
301 675 441 733 nontam
462 673 567 731 crebro
588 671 678 742 fiunt,
700 675 746 729 est
767 669 943 731 beneficium
963 656 1021 731 nou

74 772 204 830 Satanae
210 806 223 842 5
241 770 294 829 sed
314 766 405 848 hujus
426 771 559 831 custodis
580 773 674 831 nostri
695 774 727 829 et
746 758 855 848 vigilis.

144 871 206 930 'Sic
227 870 409 949 experientia
430 887 549 947 quoque
569 889 623 930 nos
645 890 679 930 eo
703 869 840 940 deducit,
860 862 1021 950 postquam

72 969 129 1029 hoc
150 970 330 1047 principium
350 971 481 1053 positum
502 974 564 1040 est,
581 970 675 1045 ,quod
697 988 823 1048 regnum
845 966 957 1027 diaboii
983 970 1021 1029 nit

74 1088 201 1147 regnum
221 1070 340 1147 pcccati
362 1073 392 1128 et
414 1069 532 1140 mortis,
554 1070 668 1127 servari
687 1064 741 1135 no's
762 1069 826 1129 sine
847 1068 1021 1149 intermissi·

74 1166 129 1227 on'e
151 1186 169 1225 a
190 1171 284 1226 morte
313 1171 343 1225 et
371 1165 436 1227 aliis
465 1167 608 1247 periculis
637 1172 700 1227 tum
726 1166 933 1246 corporalibus
960 1170 1021 1229 tum

74 1258 279 1347 spiritualibus
307 1265 449 1325 beneficio
479 1266 606 1339 curisti,
626 1269 671 1329 ,in
700 1267 787 1346 cujus
814 1285 943 1351 reguum
968 1284 1021 1347 pm

68 1366 309 1444 ‚baptismum'et
338 1363 425 1424 fidem
453 1364 592 1427 translati
622 1384 733 1426 sumus.
775 1365 855 1426 Hinc
886 1360 1021 1427 oriuntur

49 1465 142 1524 -iiiae
168 1464 342 1544 magnificae
375 1466 613 1549 praedicationes
648 1466 878 1545 prophetarum,
915 1452 1021 1544 quibus

28 1636 33 1645 ἱ
74 1571 194 1636 canunt,
215 1566 418 1625 misericordia
440 1566 549 1653 domini
569 1566 687 1645 plenam
710 1584 775 1625 esse
796 1551 917 1638 terrum,
937 1568 1021 1627 mico-

74 1665 233 1724 ricordiam
255 1665 320 1744 ejus
351 1666 461 1725 durare
482 1668 513 1724 in
541 1657 696 1725 aeternum
724 1669 755 1724 et
784 1665 929 1726 infinitam
958 1684 1021 1727 esse

74 1769 131 1829 etc.
175 1766 390 1843 Nonnunquam
419 1785 491 1824 sane
528 1760 662 1827 succedd
698 1766 852 1825 conatibus
883 1766 1021 1837 Satanae,

73 1874 109 1924 ut
125 1866 236 1923 *subitis
258 1863 398 1943 periculis
419 1865 553 1924 homines
574 1867 682 1924 obruat
710 1870 740 1923 et
765 1864 883 1944 perdat.
927 1865 1021 1925 Talea

73 1982 163 2023 casus
184 1965 268 2023 nobis
290 1964 439 2024 debebant
461 1983 527 2023 esse
548 1968 725 2044 argumenta
753 1974 784 2024 et
812 1964 948 2044 exempla
976 1984 1021 2025 eo·

11 2116 16 2125 .
73 2079 142 2122 rum
160 2054 319 2134 maiorum,
349 2082 425 2140 quae
447 2063 571 2141 singulis
592 2065 672 2123 horis
694 2064 821 2140 quidem
835 2070 956 2144 optaret
980 2066 1021 2125 12:

75 2182 160 2234 cere,
190 2165 268 2222 sicut
289 2168 429 2234 conatur3
456 2164 513 2222 nisi
541 2163 737 2242 impediretur
756 2164 900 2245 custodia
929 2166 1021 2225 nocui

65 2262 171 2339 ⁹vigilis
193 2263 223 2319 in
243 2263 341 2322 coelis.
384 2261 458 2326 Nam
479 2263 620 2340 quod‘ad
639 2266 802 2342 potentiam
822 2264 913 2342 hujus
930 2266 1021 2326 hostis

75 2364 197 2433 attinet,
221 2362 310 2421 credo
331 2382 400 2421 eum
419 2381 480 2421 una
500 2363 574 2422 hora
586 2382 683 2442 ‚posse
703 2365 850 2434 occidere,
879 2362 1021 2441 quidquid

73 2459 223 2521 hominum
245 2463 275 2519 in
296 2467 378 2521 terra
398 2464 477 2522 vivit.
522 2465 554 2521 Si
575 2464 667 2543 igitur
687 2465 742 2523 hoc
762 2467 864 2542 potest
885 2467 917 2524 et
937 2482 1021 2523 cona·

74 2544 126 2621 tur
146 2562 260 2631 faeere,
294 2582 347 2621 cur
367 2582 426 2622 non
446 2562 500 2624 titi
531 2565 675 2623 Nimirum
696 2564 766 2639 quia
794 2567 896 2623 noster
922 2568 1021 2636 custus

73 2660 186 2739 vigilat
229 2659 291 2719 Sed
312 2662 462 2723 credenda
482 2668 553 2723 sunt
580 2664 669 2733 haec,
697 2664 764 2723 ideo
785 2663 871 2723 addit
889 2666 1021 2743 particu-

74 2759 135 2818 lam
162 2767 277 2832 ,‚ecce‘⁴‚
305 2767 340 2821 ut
368 2768 515 2842 appareat
542 2764 721 2843 prophetam
748 2764 779 2820 iu
808 2778 843 2822 eo
871 2780 956 2839 esse,
989 2766 1021 2823 ut

74 2848 152 2920 hanc
173 2860 339 2921 custodiam
360 2863 436 2920 bene
457 2862 587 2923 inculcet
608 2863 712 2921 animis
733 2862 852 2921 nostris.

133 2950 219 3019 ·‘Sed
238 2961 289 3020 hic
307 2961 485 3021 monendum
509 2967 562 3033 est,
585 2961 649 3021 Deo
661 2962 754 3021 tribui
767 2961 844 3020 hauc
858 2958 1021 3025 curuum

72 3061 152 3120 vitae
174 3064 310 3135 nostrae,
339 3079 515 3139 regnorum,
544 3062 642 3140 pacis,
674 3061 807 3130 urbium,
836 3078 904 3129 eum
926 3064 1021 3120 tamn

26 3208 28 3213 .
74 3179 138 3219 eam
159 3160 250 3221 faeiat
271 3158 468 3237 mediantibus
488 3162 617 3240 primum
638 3160 765 3241 angelis,
787 3159 894 3219 deinde
914 3158 1021 3238 princi·

72 3248 178 3339 pibus,¹
212 3262 405 3338 parentibus,
444 3261 554 3320 familia
584 3264 641 3321 etc.
683 3248 732 3319 Fit
761 3254 861 3319 autern
888 3258 922 3318 id
948 3254 1021 3329 ideo,

72 3363 108 3420 ut
129 3363 296 3420 statuamus
317 3361 377 3420 ista
393 3360 491 3419 media
511 3359 584 3419 nihil
611 3358 740 3419 valitura
765 3378 835 3419 esse
863 3359 893 3417 iu
925 3348 1021 3431 custo

73 3457 182 3518 diendo
204 3463 234 3517 et
255 3459 396 3531 curando,
416 3461 474 3521 nisi
494 3478 664 3541 supremam
684 3447 788 3521 curam
808 3457 915 3517 horum
933 3474 1021 3535 nepos

29 3638 32 3643 ¹
71 3558 181 3617 tiorum
224 3560 391 3640 susciperet
433 3554 548 3619 Deua
577 3548 687 3619 Utiturt
718 3560 820 3635 itaque
861 3555 1021 3621 ministeriu

70 3657 246 3735 augelorum
276 3663 306 3718 at
336 3661 523 3739 principum,
556 3662 634 3721 sicut
662 3676 742 3740 pane
772 3663 803 3717 et
823 3658 900 3716 vino.
949 3656 1021 3715 itam
