2204 4058
225 204 231 211 ¹
306 256 309 267 ·
394 240 658 332 '‘rrsrnrsn
739 248 741 255 ·
868 218 1098 324 maor*

65 403 152 465 dicta
174 402 242 464 ab·
228 420 299 483 ipso
319 400 383 466 lieo
403 407 498 484 patre,
512 403 580 467 il-llo
601 408 634 463 et
653 405 769 484 Spiritu
789 411 900 480 sendo,
922 416 958 472 nt
978 412 1021 474 it's

66 505 152 571 totus
173 500 305 581 prudens
327 504 364 563 ab
389 522 432 576 eo,
453 503 531 582 qnod
554 492 652 575 audis,
673 522 731 564 non
753 507 811 564 ab
809 522 861 580 eo,
884 510 964 588 quod
982 516 1018 572 tu

63 601 146 677 iacis
171 605 202 660 et
222 604 343 681 cogitas
1022 594 1024 603 ’

152 700 312 761 Diversum
330 717 411 787 papa
436 700 525 781 iacit
558 699 661 781 Adigit
692 662 855 781 primord
868 699 1017 761 contritio·

66 806 145 873 nem,
168 804 198 859 et
219 820 254 860 ex
275 800 451 860 contritione
471 803 576 879 postea
597 799 662 859 vult
680 803 828 872 statuere,
844 801 930 860 sitne
950 818 1017 859 vor·

19 916 28 939 ¹-
64 899 140 957 bum
166 897 276 971 efficax,
298 917 336 959 an
358 916 432 971 uon,
461 902 546 977 quasi
580 901 734 978 promissio
754 899 810 960 Dei
839 914 898 960 non
918 897 1016 959 valeat

64 1014 124 1076 per
146 1016 194 1068 se,
215 998 269 1058 aed
288 998 405 1057 lrabeat-
418 1015 493 1078 opus
515 1000 683 1085 accessione
694 1062 696 1069 ,
709 1004 877 1061 nostrorum
896 999 1015 1060 merito-

65 1114 149 1168 rum,
184 1097 391 1159 contritionum
427 1101 491 1181 aut
514 1092 755 1159 satisfactionum.
805 1098 906 1174 Atque
937 1098 1014 1159 hauc

65 1195 234 1256 doctrinam
259 1199 303 1256 sic
323 1198 477 1269 retinent‚‘
497 1201 532 1259 ut
553 1216 609 1257 nos
637 1199 755 1258 saniora
783 1198 922 1259 decentes
948 1201 1013 1256 tans
1066 1215 1068 1220 ·

65 1313 157 1384 quam
186 1297 351 1357 haereticos
373 1295 531 1367 damnent,
563 1302 594 1357 et
626 1298 833 1377 omnigenere
854 1286 1024 1377 supplicio

64 1404 136 1454 rum
158 1394 296 1456 afficient
338 1396 420 1456 llinc‘
436 1399 468 1454 iu
489 1388 628 1468 omnibus
644 1396 733 1456 bullis
749 1395 850 1457 addita
870 1401 918 1458 est
938 1396 1013 1457 haec

63 1494 215 1555 clausula:
257 1481 555 1568 Rite'coniitentibus
584 1499 615 1557 et
636 1496 787 1573 contritis,
818 1498 904 1573 qnasi
925 1498 1013 1557 certi-

63 1593 139 1653 tudo
162 1591 364 1655 absolutionis¹
383 1594 514 1674 pendeat
549 1614 583 1654 er
613 1595 791 1659 certitudine
820 1595 1012 1666 contritionis,

64 1708 135 1755 cum
164 1697 263 1753 tamen
286 1711 337 1752 cor
365 1710 517 1771 nunqnam
536 1696 632 1775 possit
652 1698 799 1767 statuere,
835 1693 952 1770 quando
972 1695 1032 1757 eit,
1063 1732 1066 1736 -

64 1794 140 1862 cossa
160 1793 330 1854 contritum.
371 1790 438 1852 llas
463 1793 663 1873 indulgentias
695 1794 783 1855 etiam
810 1796 945 1873 magno
937 1808 1010 1862 auro
1091 1796 1095 1805 ”

63 1892 200 1953 vendidit
221 1891 392 1971 pontificum
414 1894 545 1965 avaritia,
567 1892 650 1953 sedo
672 1893 790 1983 Christe
809 1892 895 1952 anser
913 1865 1011 1952 indul
1030 1896 1033 1911 '

62 1993 181 2072 gentian
201 1992 287 2064 istas,
310 1995 339 2052 et
359 1993 502 2071 potius
479 2012 556 2066 erne,
588 1997 623 2052 ut
643 1994 724 2052 nobis
745 1988 816 2052 irati
835 1992 895 2052 siut
913 1993 1011 2070 ponti·

62 2092 151 2164 tices,
177 2109 272 2168 quam
294 2096 329 2150 ut
348 2091 549 2174 relinquentes
571 2092 777 2158 certitudinem
798 2093 880 2151 verbi
902 2092 947 2151 toi
967 2093 1011 2150 ni·

64 2195 166 2250 tamur
187 2191 411 2257 contritionibus
433 2194 557 2265 nostris,
579 2193 687 2253 sicut
677 2207 734 2271 rpsr
726 2190 871 2252 Ι’(Ιοιιιιιι
914 2191 1016 2252 Certi·

62 2289 139 2351 tudo
160 2291 246 2348 *enim
283 2290 481 2351 omnisnobis
510 2292 540 2349 in
561 2294 650 2351 verbo
669 2295 791 2359 tuoest
810 2291 921 2369 posita,
950 2309 1009 2367 quo
1048 2368 1051 2375 ι

62 2389 179 2449 revelas
201 2375 292 2448 totius
325 2390 404 2448 orbis
430 2394 556 2467 peccata
581 2394 634 2449 tuo
660 2389 816 2460 sacrificio,
849 2393 944 2449 morte
978 2394 1009 2449 et

62 2488 282 2548 resurrectione
303 2492 358 2571 tua
377 2489 493 2567 expiata
515 2493 544 2547 et
566 2488 664 2547 deleta
686 2508 759 2549 esse.
801 2488 888 2549 Hanc
908 2480 1009 2553 vocem

61 2606 131 2652 cnm
146 2588 297 2660 audit-cor,
317 2587 643 2666 tum'oriturgaudium
665 2587 702 2646 de
717 2585 879 2664 quellarid
898 2587 947 2646 hic
966 2585 1009 2645 lo·
1036 2632 1041 2640 ,

61 2688 175 2766 quitur.
218 2687 373 2752 Quomodo
395 2689 471 2746 euim
493 2704 551 2744 non
572 2685 701 2765 gaudeat
722 2689 844 2758 enimus,
868 2705 936 2746 cum
956 2702 1008 2746 au·

62 2787 108 2845 dit
133 2789 246 2845 tautam
281 2785 395 2845 divinae
427 2784 646 2847 misericordiae
673 2805 739 2845 esse
768 2786 1007 2865 magnitudinem,

60 2891 96 2946 ut
118 2904 186 2945 cnm
207 2885 361 2964 voluptate
378 2886 525 2964 largiatur
544 2886 680 2964 gretiam,
700 2889 731 2944 et
751 2902 810 2959 nou
827 2882 942 2963 spectet
964 2887 1008 2943 iu·

61 2985 258 3046 sufficientem
281 2986 500 3056 contritionem,
523 2984 576 3044 sed
599 2984 770 3064 simpliciter
791 3002 873 3042 suam
895 2978 1008 3044 miseri-
1041 3035 1046 3053 x

62 3084 195 3145 cordiam
230 3089 260 3143 et
294 3088 425 3160 nostram
454 3083 657 3145 calamitatem
688 3082 876 3143 considerati
917 3083 1008 3144 Hunc

62 3182 201 3244 auditum
221 3176 356 3260 sequitur
376 3183 484 3242 fiducia
504 3184 563 3256 ills,
596 3189 631 3243 ut
652 3167 799 3249 dieamus:
841 3185 918 3243 Sum
933 3185 1008 3263 bap·
1037 3222 1039 3228 -

60 3280 180 3354 tinctus,
202 3282 293 3342 sumsi
314 3286 422 3362 corpus
439 3302 494 3363 pro
515 3286 614 3342 me-in
633 3274 887 3362 eruce'traditum,
908 3281 1008 3342 audivi

60 3381 119 3442 llei
140 3400 240 3440 vocem
264 3400 298 3440 er
318 3382 451 3441 ministro
471 3382 519 3442 vel
534 3383 640 3455 irotra
661 3382 721 3460 qua
740 3382 810 3440 mihi
830 3367 1007 3442 annuntiata

61 3487 108 3542 est
130 3482 266 3543 remissio
293 3486 491 3561 peecatorum.
524 3481 590 3543 Hac
621 3486 720 3542 antem
745 3470 859 3542 fiducia
880 3482 1007 3552 vincitur

60 3599 160 3652 mora,
182 3585 213 3640 et
234 3582 345 3640 οιιιιιίι
350 3581 413 3641 alia
426 3582 518 3642 mala
1008 3568 1011 3572 ¹

146 3679 292 3741 Lulreutar
313 3681 387 3742 lmen
414 3680 552 3762 pluribus
573 3681 664 3759 diro,·
691 3686 729 3747 ut
757 3681 866 3746 scinde
892 3620 1028 3742 lemnam
