2190 4064
280 237 628 303 tuPsuitntirsd.
709 247 763 308 ,’
884 244 945 307 m

37 390 153 479 pientes
173 394 283 466 mundi,
300 394 449 465 haeretiei,
471 390 634 472 pontifices,
646 390 802 471 pharisaei,
816 391 947 453 vicissim

37 518 51 557 s
87 497 180 557 rideri
208 496 246 554 eb
278 494 389 572 angelis
414 498 444 553 et
472 496 534 552 tuto
563 494 651 551 coetu
679 494 863 551 senetoruun
891 508 947 553 nor

37 603 120 668 tem,
142 597 168 655 si
187 595 304 653 fortiter
325 593 544 671 perstiterimus
565 593 593 651 in
615 595 717 651 nostro
738 590 842 661 officio,
863 608 948 652 coru·

37 716 71 755 un
92 697 130 754 eb
151 695 217 771 ipso
246 694 365 751 Christo
387 692 553 771 impositam
574 696 745 779 portaturos
768 709 842 749 esse.
863 683 949 751 Hune

37 816 72 855 res
93 793 249 854 retinenda
271 799 318 850 est
338 793 395 870 piis
417 792 605 863 doctoribus,
628 792 797 850 et'interim
818 794 949 849 euntem·

37 914 54 951 s
75 893 125 951 ille
145 893 286 950 ferendus
309 890 546 951 etdevorsndus
568 898 623 963 est,
644 889 738 949 denec
758 890 948 970 experientur
1044 933 1049 947 .

37 994 98 1071 rpii,
119 1011 206 1068 quern
229 992 357 1049 riserint.
378 988 481 1049 Arnen.
927 1003 930 1010 ’

252 1124 492 1198 rsnnnrus
525 1122 730 1222 cxxlu.,.

125 1258 207 1317 Nisi
229 1257 319 1332 quie
340 1256 517 1316 domiuus
541 1258 680 1317 eratin
704 1258 822 1317 nobis.

87 1375 173 1433 Hunc
194 1373 340 1452 psalmum
362 1374 491 1452 primunr
513 1374 636 1434 effeetus
657 1374 725 1439 tinet
747 1375 944 1456 iuthenlogis,

37 1476 133 1535 nunde
153 1476 322 1554 proprietas
342 1474 373 1531 in
393 1476 586 1551 grernmetien
607 1475 706 1553 arguit
722 1472 847 1535 flavidis
869 1494 945 1537 esse.

37 1573 90 1634 trec
121 1576 197 1633 enim
234 1573 291 1630 duo
326 1574 488 1651 praecipue
516 1582 601 1643 suut,
637 1592 714 1649 quse
747 1574 839 1634 habet
872 1593 947 1653 pree

37 1671 82 1745 liis,
101 1676 149 1751 qui
169 1672 299 1753 pselnros
321 1674 514 1751 scripserunt.
556 1672 614 1731 Est
633 1682 732 1733 sutem
752 1672 801 1732 hie
812 1673 947 1754 psuInrus

37 1775 165 1843 ,retianum
194 1774 270 1832 ectio
293 1789 347 1850 pro
372 1772 453 1831 -dono
484 1775 514 1830 et
540 1770 741 1832 misericordie
768 1770 839 1843 Dei,
867 1772 947 1849 pueri

37 1880 161 1932 unservet
180 1890 304 1950 regnum
326 1876 357 1930 et
371 1870 575 1941 sacerdotium,
597 1871 652 1943 ret,
668 1876 707 1931 ut
719 1871 827 1932 elarius
842 1871 946 1947 uicem,

37 1974 101 2031 otum
121 1972 264 2052 populum
287 1970 387 2030 isreel.
431 1972 516 2029 Sicut
537 1968 728 2044 enimtscitts,
750 1972 893 2032 etirloses'
907 1972 948 2033 ud

37 2071 146 2149 npuium
166 2071 299 2147 loquitur
309 2069 431 2130 Denter.
452 2076 481 2133 7.
496 2066 563 2153 [9.],
576 2088 633 2129 uon
646 2072 715 2147 quie
727 2073 879 2133 vincerent
892 2091 947 2133 nu-

37 2182 89 2229 tern
106 2175 228 2233 eunt-‚tus
257 2174 377 2250 gentes,
402 2170 526 2248 junctus
555 2174 601 2228 es't
629 2173 672 2229 eis
699 2170 850 2242 deminus,
877 2190 947 2233 euru

37 2268 105 2329 tutius
125 2270 258 2329 omnibus
279 2269 398 2348 populis
420 2274 520 2328 esseut
540 2270 711 2348 pauciores,
734 2270 788 2329 sed
805 2271 874 2347 quia
889 2271 947 2344 ¹‹in-

37 2364 102 2429 ninus
121 2370 211 2448 elegit
231 2388 297 2439 ees,
321 2373 350 2427 et
371 2369 531 2428 custodivit
550 2371 763 2447 juramentum,
792 2370 872 2445 quod
895 2370 947 2448 jur

37 2467 87 2527 nrt
108 2470 245 2549 patribus
275 2488 384 2527 eorum.
424 2468 592 2529 Testsntur
620 2474 718 2528 nutem
747 2470 887 2530 historiae
915 2473 947 2529 et

37 2566 82 2626 itis
98 2569 128 2629 id
148 2588 184 2629 ex
211 2568 411 2646 descriptione
431 2572 531 2626 terrae
559 2572 678 2627 sauctae
701 2568 815 2627 ostendi
836 2570 946 2646 potest,

37 2662 97 2729 tim
114 2670 195 2729 hunc
215 2667 357 2747 populum
379 2668 508 2747 positum
537 2668 567 2723 in
588 2668 683 2727 medio
705 2668 853 2747 gentium,
880 2672 946 2726 tun·

37 2776 95 2832 itm
112 2770 209 2828 ovium
232 2768 347 2826 cautam
367 2769 397 2825 in
418 2766 584 2825 vastissima
602 2766 675 2825 silva
688 2764 734 2845 ¹).
779 2768 947 2845 cingebant

37 2874 63 2923 tt
84 2887 166 2947 reges
192 2868 311 2942 Syriae,
338 2864 482 2945 Aegypti,
511 2864 758 2937 Ammoniterum,
786 2864 947 2925 ismaelitu-

37 2973 87 3037 tu,
104 2967 302 3049 Muebitururn
323 2970 397 3037 ete,
418 2966 468 3041 qui
490 2983 590 3025 omnes
612 2966 789 3024 unanimiter
817 2968 946 3025 extreme

37 3056 74 3125 tn
98 3087 149 3129 ees
179 3067 453 3147 persequebantur,
480 3066 663 3128 ¹accendente
698 3066 810 3123 Setenn
846 3063 946 3125 odium

37 3168 197 3245 termille,
225 3164 305 3242 quud
326 3165 449 3243 optabat
470 3164 583 3225 cultum
603 3168 634 3223 et
660 3164 782 3222 verbum
810 3162 866 3222 Dei
894 3182 947 3245 op-

37 3278 137 3327 ressum
150 3284 226 3327 esse
254 3263 322 3324 Etsi
335 3269 433 3322 autern
447 3262 576 3343 populus
585 3261 676 3322 lsruel
687 3262 759 3321 setis
771 3282 946 3323 numerosus

37 3363 77 3437 nt,
104 3373 206 3428 tumen
227 3368 367 3442 respectu
388 3361 548 3423 vicinarum
573 3361 704 3441 gentium
725 3362 782 3421 tuit
802 3366 946 3440 tunquam

37 3468 172 3547 mutique
183 3466 286 3526 eiritss
298 3461 407 3522 eoltete
418 3460 458 3520 uri
471 3460 686 3542 ,amplissimum
702 3478 836 3539 reguum.
878 3459 945 3546 itte

75 3614 105 3686 l)
127 3612 250 3685 Populus
270 3612 359 3666 terrei
378 3618 507 3681 tunquam
527 3608 589 3662 uvis
608 3584 634 3659 in
654 3605 744 3661 medie
763 3608 896 3678 lnporum„
