2190 4064
67 244 133 307 m
384 241 689 307 l’rselectiones
725 313 729 321 ,

67 394 115 454 lv.
137 394 238 459 tiele
264 394 426 455 multum
446 397 603 477 repleta
631 404 691 457 est
719 400 849 459 enims
877 416 939 461 nos

68 494 286 575 opprobrio
307 496 588 556 abundantium
611 502 646 556 et
667 495 935 577 despectione

208 598 211 605 “
430 597 653 675 perborum.

70 730 74 735 ·
149 710 216 771 lloc
236 712 326 787 auget
347 710 490 783 dolorem,
520 713 598 788 quod
620 714 670 789 qui
691 712 768 773 tales
785 718 859 774 sunt
886 732 937 775 con

67 816 163 882 tores,
189 810 329 869 videntur
348 812 468 889 impune
488 811 519 869 id
541 812 655 884 iacere,
685 811 847 888 siquidem¹
862 814 936 873 abun

69 913 147 971 omul
168 910 253 989 copia
274 928 389 981 rernm,
419 915 449 969 et
470 912 499 969 in
520 912 630 972 mundo
651 912 749 991 magni
778 920 810 972 et
832 912 937 973 claris

68 1010 136 1070 ideo
170 1008 264 1068 etiam'
294 1008 427 1089 exemplo
459 1015 581 1082 nocent,
618 1012 697 1086 quod
726 1010 799 1072 alios
828 1014 861 1071 in
888 1032 939 1073 eun

69 1114 250 1171 contemtum
271 1110 401 1168 trabunt.
442 1108 540 1168 David
562 1115 592 1170 et
612 1110 662 1169 alii
684 1112 772 1169 etiam
799 1112 884 1171 luere
909 1112 939 1170 di·

71 1214 103 1270 ct
123 1209 270 1289 opulenti,
292 1209 346 1267 sed
366 1207 500 1267 ridemus
512 1227 570 1269 eos
590 1190 638 1268 tot
659 1208 879 1270 calamitatibus
890 1214 940 1270 etr

67 1308 400 1371 condemnantem
423 1308 550 1367 externis
579 1313 697 1368 vexatos
719 1313 749 1368 et
773 1312 940 1370 exercitos·

67 1415 104 1471 ut
122 1409 166 1469 eis
193 1408 311 1467 minime
329 1407 443 1467 liberet
470 1411 522 1465 aut
549 1409 687 1486 superbis
715 1414 768 1467 eut
797 1412 940 1469 securis«

68 1508 131 1569 Sed
159 1509 313 1587 impiorum
341 1506 399 1567 alia
426 1501 554 1567 conditio
583 1512 643 1579 est,
673 1508 703 1565 bi
735 1509 822 1584 quasi
852 1526 940 1589 praes

69 1608 251 1670 securitatis
266 1624 339 1666 suae
358 1607 437 1666 ferre
457 1606 608 1666 videntur'
621 1624 709 1685 opes,
738 1606 916 1686 dignitates,

67 1711 218 1771 toritatem
239 1690 296 1766 etc.¹
338 1707 450 1766 Contra
470 1707 564 1767 sancti
585 1704 686 1765 alllicti
703 1720 734 1765 et
755 1706 940 1769 calamitosis

68 1810 266 1897 etlbsbent‘ur
285 1823 303 1863 a
324 1808 436 1864 securis
458 1807 521 1866 istis
543 1824 597 1886 pro
620 1805 710 1864 istuis
732 1811 762 1865 et
790 1808 907 1879 stultis,
932 1825 940 1866 s

68 1923 247 1969 summorum
276 1902 489 1981 prophetarum
519 1903 652 1983 exempla
687 1911 856 1979 testantur,
894 1910 923 1967 et

68 2006 155 2066 bodie
176 2004 350 2081 experimur.
394 2002 470 2088 Cum
499 2023 611 2064 summo
640 2005 738 2064 studio
766 2006 900 2067 homines
926 2024 940 2065 e

67 2122 136 2165 mur
163 2101 312 2161 abducere
337 2101 373 2158 ab
405 2104 543 2173 avaritia,
572 2105 748 2175 securitate,
780 2112 812 2164 et
840 2105 940 2165 aliisi

68 2201 167 2265 rident
189 2218 258 2271 nos,
291 2203 320 2257 et
342 2218 409 2258 oum
430 2199 554 2260 audiunt
583 2202 620 2260 de
637 2203 751 2281 judicio
772 2202 829 2263 liei
849 2210 880 2265 ct
905 2204 940 2263 inl

67 2302 182 2384 poeuis,
204 2299 370 2359 existimant
391 2319 443 2358 nos
464 2300 590 2359 recitare
607 2302 745 2373 inbutam,
769 2304 888 2380 qualem
898 2302 939 2363 de

67 2406 171 2462 namet
192 2400 229 2460 de
242 2398 340 2459 inieris
355 2401 435 2479 apud
445 2399 606 2479 Virgilium.
630 2402 744 2465 Quodsi
758 2407 940 2463 exercerent:

66 2504 124 2584 ipsi
146 2517 264 2578 quoquc
285 2500 517 2571 calamitatibus,
540 2504 570 2558 et
591 2500 750 2572 haberent,
779 2504 859 2561 sient
881 2484 940 2583 pssl

68 2620 163 2663 nonus
184 2601 343 2679 precatur,
369 2600 556 2678 magistrum,
586 2600 635 2675 qui
659 2599 780 2660 doceret
802 2620 853 2661 eos
878 2620 940 2663 esse

67 2702 178 2769 mines,
200 2696 287 2755 aliter
307 2684 459 2756 sentirent.
502 2700 563 2757 Sed
585 2684 730 2775 quisbue
753 2719 813 2760 non
835 2702 884 2773 tit,
914 2704 940 2760 el

68 2799 202 2861 cociones
240 2796 408 2854 securitatis
443 2800 474 2854 et
509 2803 673 2857 contemtus
703 2800 760 2857 sibi
791 2802 931 2861 ridentur

67 2902 156 2969 bere,
186 2894 299 2955 terendi
326 2897 409 2960 sunt,
435 2899 466 2951 ct
495 2901 599 2954 contra
629 2914 679 2955 eos
701 2916 770 2955 cum
790 2898 941 2959 Davideo

68 2996 139 3055 dnm
161 2998 216 3055 cst.

150 3110 201 3166 Sic
220 3108 269 3167 hic
297 3109 342 3164 est
371 3104 502 3185 psalmus
531 3108 594 3165 tum
623 3112 787 3191 exemplum
819 3119 885 3175 turn
912 3132 941 3175 co

67 3207 155 3276 latio,
181 3214 258 3262 ue'a
279 3203 376 3261 studio
399 3206 429 3261 et
449 3202 632 3265 consessione
660 3212 740 3268 serbi
766 3232 821 3273 seu
850 3216 941 3288 minist

67 3305 217 3389 patiamur
236 3321 290 3360 uos
312 3300 417 3358 abduci
439 3304 562 3377 propter
583 3323 703 3381 securos
727 3308 937 3384 contemtores,

67 3410 103 3465 nt
121 3402 221 3483 polius
243 3417 295 3456 nos
316 3398 448 3475 potentia
476 3401 506 3454 et
527 3406 769 3477 promissionibus
798 3410 855 3471 Dei
884 3431 941 3474 con:

68 3521 151 3573 mur,
179 3503 209 3558 ot
237 3496 415 3573 cogitemus,
455 3498 571 3569 qnando
605 3522 658 3563 nos
688 3510 879 3571 securissime
917 3511 941 3569 ri

71 3623 219 3641 unat-‘⁸-

140 3664 170 3734 ι)
190 3618 307 3714 lis-edit.
328 3656 444 3725 princip.
465 3658 538 3725 lep:
558 3679 792 3723 exercentur.

136 3943 269 3980 ...ἰ
374 3921 534 3980 A.
