2190 4064
59 134 117 193 m
381 130 646 194 ‘'Enarr'stie
665 98 693 219 ,Ι

2 316 7 341 r
56 284 169 347 omis
203 284 440 365 promentem,-
464 302 542 362 qnss
568 284 644 347 neo
669 302 727 346 non
758 282 938 367 promote,
962 292 996 353 a·

56 366 195 453 o's'asriiro
216 388 300 449 notit.
330 390 430 454 Quod
449 396 551 456 autom
580 389 693 453 diserto
718 392 822 455 sidit:
843 392 993 466 ,Minu

56 520 91 560 ox
112 491 284 575 Sinum),
311 494 385 555 iacit
411 494 442 553 td
464 494 547 589 irino,¹
568 496 645 573 -qnia
667 495 767 557 enitor
789 496 850 558 Dei
877 518 912 559 eo
930 516 995 561 tsn-

55 622 130 687 pore
157 605 193 662 in.
210 603 281 659 Sion
310 605 384 660 erat.
419 600 495 659 ideo
529 618 587 660 non
616 602 713 660 aotnm
746 602 840 661 corde
868 604 908 663 erl
936 622 995 665 snm

54 711 154 772 locum
174 706 388 787 respiciebant,
418 707 494 767 sicut
517 724 610 785 snpra
632 706 789 783 aiiqnotie's
811 710 996 781 ostendimus,

57 800 110 877 ssi
131 814 220 875 etiarn
242 812 347 871 [eciem
369 812 481 869 oraturi
502 828 538 870 eo
559 813 787 883 convertebant,
823 814 905 890 quod
924 812 996 875 non

57 916 236 1002 promiserat
267 934 301 974 so
320 916 362 974 ibi
389 915 526 975 habitare
552 916 643 988 velte,
676 923 708 976 ot
727 919 871 997 occipere
900 936 998 999 preces

57 1046 94 1087 aa
124 1021 279 1084 sacrificia.
321 1021 401 1080 Hinc
431 1026 504 1081 sunt
534 1018 749 1101 appellationes
780 1021 865 1082 ittae:
911 1024 998 1085 θην·

58 1149 158 1191 cosam
179 1128 305 1197 domino,
326 1124 433 1186 offerre
455 1144 557 1186 coram
579 1126 705 1200 domino,
725 1145 879 1209 apparere
905 1147 997 1189 coron

57 1236 188 1305 domino,
216 1231 274 1291 hoc
293 1235 354 1303 ost,
376 1232 406 1291 in
427 1232 636 1305 tabescendo,
662 1234 693 1292 in
715 1252 773 1310 qno
795 1240 867 1295 erat
884 1240 999 1297 mord

57 1338 326 1423 propitiatoriam„
342 1335 381 1396 sd
409 1338 489 1413 quod
510 1335 593 1396 Deus
615 1356 647 1396 sc
675 1336 830 1417 alligarat,
864 1341 998 1418 quodibi

57 1446 147 1507 veltet
174 1442 307 1502 inveniri.
348 1441 418 1502 ideo
453 1447 598 1510 vocarunt
631 1441 711 1503 hunc
749 1443 848 1504 iocum
889 1446 999 1505 iortitn·

58 1552 171 1622 (tinem,
193 1567 333 1628 regnum,
363 1548 564 1628 majestatem,
588 1547 728 1627 gloriam,
750 1550 998 1628 pulchritudinem

52 1675 113 1727 ¹scu
133 1656 285 1727 decorem,
313 1654 384 1713 item
411 1654 544 1729 requiem
571 1652 694 1725 domini,
723 1655 803 1715 sient
829 1656 863 1715 in
882 1656 999 1738 psntrsis

58 1765 90 1822 et
111 1759 234 1835 reliquis
254 1758 409 1839 prophetis
431 1765 477 1818 est
498 1758 608 1818 ridere.

140 1862 387 1923 Post'sshristnm
416 1866 575 1924 exhibitum
607 1868 638 1922 ct
665 1862 838 1943 evangelion
871 1864 1001 1946 inscrips-

60 1977 124 2039 inm
152 1969 236 2029 locus
262 1964 313 2025 ille
345 1966 550 2044 cessavit20).
593 1968 697 2046 itaque
728 1988 807 2030 nnnc
829 1987 896 2055 ‘non
927 1972 999 2031 cani-

59 2096 139 2138 mus:
183 2071 345 2146 „Dominus
373 2054 529 2135 benedicat
557 2075 611 2135 tibi
632 2094 668 2134 es
688 2070 798 2145 Zion,'“
818 2080 874 2134 cut
894 2075 1000 2155 tempto

61 2186 165 2242 sancto
199 2196 270 2250 sno,
302 2178 370 2237 sed:
405 2197 460 2257 per
493 2180 644 2238 Christum
678 2180 825 2241 dominnm
859 2178 999 2240 nosirnn'.

59 2286 118 2346 Hic
148 2287 225 2346 enim
258 2286 304 2343 est
332 2289 465 2343 nostrum
499 2303 601 2343 rernm
629 2286 884 2366 propitiatorium,
919 2286 1000 2365 cnjus

60 2390 136 2451 iliud
168 2370 277 2461 veteris
317 2390 488 2449 testamenti
516 2392 623 2451 umbra
650 2409 704 2450 sen
733 2395 823 2471 typus
858 2388 945 2473 init.¹
971 2384 1001 2449 tn

8 2552 11 2563 .
60 2498 180 2559 Christo
202 2497 280 2556 enim
301 2495 417 2554 habitat
437 2494 574 2554 divinitas
595 2494 797 2575 corporaliter.
840 2494 946 2574 itaque
966 2494 1001 2556 oi

59 2603 155 2662 Deum
176 2605 296 2660 orantes
317 2618 456 2678 rogamus
477 2598 609 2658 exaudiri
629 2600 659 2657 in
680 2603 796 2659 nomine
819 2601 947 2673 Christi,
967 2602 1002 2661 si-

61 2714 113 2767 cut
133 2708 221 2766 etiam
242 2704 352 2763 vetoris
375 2703 518 2763 ecciesiae
542 2704 674 2785 exempto
696 2707 845 2765 orationes
865 2708 1002 2787 publicae

60 2830 161 2872 omncs
190 2808 373 2870 clauduntur
393 2808 451 2867 hac
477 2808 640 2888 particula:
681 2810 742 2870 Por
770 2811 927 2872 Christum
955 2813 1003 2873 slo-

59 2918 170 2976 minum
192 2918 336 2972 nostrum.
378 2913 438 2972 Sed
451 2912 490 2972 (ie
506 2914 566 2972 troc
588 2930 680 2993 snpra
700 2913 857 2990 aliquoties
871 2896 1003 2989 dirimire,

61 3020 231 3100 quanqutm
243 3035 303 3077 non
323 2994 451 3097 possent
471 3020 543 3077 satis
559 3018 633 3077 haec
653 3018 806 3079 inculcari.
848 3020 909 3082 Est
930 3024 1004 3082 eninr

59 3129 134 3187 hoec
173 3123 334 3184 christiana
362 3123 489 3201 cognitio
521 3127 552 3184 et
584 3123 742 3202 sapientia,
774 3143 813 3183 ne
841 3126 1005 3187 hebeninos

60 3231 254 3313 cogitationes
284 3228 337 3303 (nt
357 3228 400 3287 sic
429 3226 591 3307 appellem)
619 3227 753 3287 volatiles
783 3234 815 3290 et
844 3230 1005 3314 dispersas,

60 3338 115 3400 sed
128 3332 275 3398 'collectas
300 3333 331 3392 in
352 3350 444 3392 unum
465 3332 627 3410 objectum,
656 3351 763 3412 nempe
789 3335 820 3394 in
845 3338 1005 3400 christum.

130 3537 182 3609 88)
201 3537 336 3592 Dominus
357 3554 393 3593 cx
411 3536 488 3591 Sion.
596 3538 647 3609 89)
668 3539 739 3595 Zion
757 3541 824 3596 nori
844 3540 1007 3598 testsmcnti

63 3632 199 3687 Christus.
