2204 4058
354 240 679 335 innormarunt.
743 262 749 279 ·
808 242 812 247 ’
862 236 871 253 ’
935 242 995 301 2⁰1

51 416 130 459 non:
153 396 191 457 ad
201 395 298 455 Deum
308 389 354 472 ²),
386 394 493 455 deinde
505 410 566 453 cur
586 394 617 450 in
638 380 748 471 plurali
762 389 833 475 -loeo
848 390 996 468 loquatur,

51 502 86 559 et
106 488 168 559 non
188 514 280 556 unum
299 498 428 555 montem
448 494 541 565 dicat,
556 493 630 553 traco
649 492 726 551 enim
745 490 902 571 pluralitas
918 490 999 549 vido-

51 602 107 659 aar
125 594 309 676 patrocinari
334 593 525 654 idololatriae.
576 589 625 650 Ad
644 592 770 670 primam
797 591 999 667 quaestionem

51 698 98 757 sic
116 695 306 774 respondeo,
335 694 415 752 hune
434 692 531 753 locum
552 695 583 751 et
604 691 713 751 similes
734 693 788 766 (ut
807 691 923 761 „mittat
944 689 998 747 tibi

52 794 196 853 auxilium
217 793 256 851 de
265 794 400 869 sancto“)
413 794 563 873 pertinere
573 792 693 871 proprie
707 789 746 867 ad
759 793 891 860 nostram
915 788 1000 849 theo-

30 892 179 973 'logiam
201 908 278 968 quac
298 890 402 962 docet,
434 890 513 967 quod
533 889 615 950 Deus
635 890 707 949 velit
728 888 845 959 audire,
868 887 931 959 coli,
952 906 1000 947 er-

53 992 199 1075 spectari,
217 992 296 1051 orari
316 990 478 1051 amandum
498 991 621 1049 verbum
642 1008 744 1059 suum,
765 991 796 1048 et
815 1006 874 1046 non
895 1004 1000 1046 secun-

54 1092 126 1155 dum
148 1096 267 1151 nostras
288 1092 489 1168 cogitationes.
516 1090 567 1147 Sic
587 1088 660 1147 dicit
679 1088 710 1148 in
730 1087 836 1147 exodo:
864 1087 914 1158 „ln
927 1104 1000 1163 quo·

54 1208 175 1267 cunque
194 1188 260 1249 loco
278 1189 376 1250 secero
406 1208 462 1267 ego
480 1188 647 1249 memoriam
662 1187 864 1257 nominis-mei,
885 1186 1000 1244 veniam

43 1288 95 1350 aad
113 1292 156 1361 te,
176 1292 208 1347 et
227 1288 400 1348 benedicam
419 1290 501 1348 tibi.“
541 1288 638 1348 Erant
658 1288 750 1367 igitur
769 1303 870 1346 omnes
889 1284 999 1344 Judaai
1027 1319 1040 1346 ι
1066 1314 1070 1323 ’

56 1388 179 1468 alligati,
200 1388 231 1446 in
252 1405 428 1464 quocunque
448 1387 512 1447 loeo
533 1406 587 1447 seu
607 1388 845 1467 regionsessent,
867 1384 904 1443 ad
927 1388 1000 1443 tenr-

57 1486 143 1567 plum
162 1485 475 1565 Hierosolymitanum,
503 1489 539 1548 ut
568 1488 656 1545 etiam
684 1485 762 1545 domi
787 1502 860 1544 suae
881 1489 1000 1543 orantes

51 1588 209 1647 maerent
234 1584 335 1646 oculos
355 1585 395 1644 ad
415 1587 495 1645 Sion.
536 1583 654 1643 Placuit
674 1584 792 1662 quidem
821 1587 885 1646 Deo
905 1588 1005 1647 oratio·

60 1686 202 1745 bonorum
229 1686 261 1743 iu
281 1684 432 1760 Babylone
453 1682 559 1764 procul
578 1686 723 1764 intemplo
754 1691 784 1747 et
803 1685 1007 1757 Hierusalem,

64 1782 114 1842 aad
132 1785 183 1856 ita,
204 1785 454 1860 quiacantnbant
475 1786 505 1843 et
525 1783 650 1843 orabant
670 1783 710 1845 ad
729 1784 812 1845 illum
821 1786 926 1857 Deum,
947 1786 999 1861 qui

66 1880 94 1939 io
112 1886 213 1945 monte
228 1884 300 1943 Sion
320 1882 477 1953 habitarat,
497 1866 656 1959 atque‘iiri·
670 1890 756 1945 adum
777 1883 1000 1947 tabernaculum

70 1976 171 2043 heret.
211 1979 312 2057 Atque
338 1981 412 2040 haec
432 2000 523 2041 causa
542 1983 612 2054 suit,
653 2002 709 2045 cur
735 1981 910 2046 damnarent
929 2000 1000 2061 pro-

74 2076 170 2154 phetoe
189 2079 335 2141 sacrificia
355 2085 386 2139 et
405 2080 654 2157 reliquoscultus
680 2085 710 2143 in
738 2084 904 2144 aliis.locia.
916 2084 1001 2151 iusti-
1077 2086 1083 2101 ⁸

77 2176 145 2238 tutor
164 2184 216 2239 aut
236 2180 339 2241 iactos.
371 2181 709 2256 Nequeenimsatisiuit
722 2183 837 2244 dicere:
868 2181 999 2253 0Dmrs,

10 2336 14 2363 Ι
81 2275 120 2345 qai
136 2296 168 2337 ex
187 2277 330 2364 Aegypto
350 2279 494 2360 populum
516 2285 600 2340 tuum
621 2280 765 2358 eduxisti,
793 2285 836 2341 sic
857 2284 932 2341 enim
949 2290 1008 2341 no-'

10 2414 14 2423 ·
82 2371 189 2441 ”titubat
209 2377 307 2439 Deum
327 2378 505 2438 Hieroboam
527 2399 652 2456 quoque,
675 2401 744 2442 vero
765 2380 821 2441 Dei
849 2382 999 2453 vocabulo,

84 2472 213 2537 &cubat
234 2478 360 2538 fortasse
378 2476 447 2556 plus
461 2485 513 2538 aut
534 2481 695 2552 ardentius,
717 2500 805 2558 quam
826 2483 877 2557 qui
892 2483 922 2539 in
930 2480 1002 2541 Hia-

10 2584 14 2651 ζ
84 2572 188 2641 malon
209 2582 241 2636 et
262 2576 377 2654 templo
399 2582 493 2642 crant.
536 2581 587 2637 Sic
608 2582 683 2637 enirn
705 2579 781 2641 solet
812 2580 1001 2660 hyprodrisia,

10 2674 21 2706 '-
85 2669 109 2723 et
123 2670 279 2736 idololatria
297 2675 390 2735 multo
412 2681 458 2736 est
469 2677 619 2737 ardentior
631 2698 719 2754 quam
739 2700 810 2739 vera
821 2682 926 2760 pictas.
938 2681 1002 2739 Gur

10 2800 19 2838 ·.·
85 2772 163 2833 ‘ihm
181 2775 437 2854 complacuerunt
457 2774 520 2835 Deo
547 2777 622 2837 tales
644 2780 813 2839 orationesi
856 2780 924 2838 ideo
945 2764 1002 2838 sei-

10 2848 14 2935 ἶ
85 2856 150 2940 licei,
181 2876 250 2951 quia
270 2874 320 2932 alii
340 2879 454 2934 montes
475 2895 534 2936 non
556 2881 640 2936 erant
662 2877 755 2949 electi,
777 2897 835 2937 non
853 2879 1003 2937 habcbant

85 2966 184 3031 'erbum
202 2973 274 3053 Dei..
289 2973 414 3033 Nolcbai
428 2974 618 3051 itaquchua
640 2977 743 3036 audire
763 2970 877 3058 precra,
898 2979 954 3037 nisi
971 2979 1003 3039 ia

17 3064 24 3127 2
65 3054 122 3119 '5¹1⁰
138 3087 191 3131 uno
211 3073 293 3144 loco,
325 3076 360 3131 ut
380 3074 485 3135 saltem
506 3074 598 3134 oculis
620 3080 650 3134 et
677 3076 765 3135 corde
785 3080 936 3136 verterent
970 3097 1003 3137 se

10 3240 18 3266 .·
85 3150 302 3248 Hierosolymam,
324 3173 349 3231 si
371 3191 494 3252 corpore
514 3192 572 3233 non
595 3178 716 3253 possent
737 3176 778 3233 ibi
799 3194 872 3235 esse.
899 3176 1003 3252 itaque

10 3271 13 3307 :
84 3250 169 3329 1'thiel
187 3272 217 3329 in
231 3270 382 3348 Babylone
403 3279 540 3333 oraturus
562 3276 697 3332 vertebat·
718 3292 750 3332 se
760 3272 1004 3350 Hierosolymam,

10 3367 15 3381 ’
84 3372 130 3419 ¹¹⁰ss
154 3372 268 3429 tentum
294 3371 373 3446 quod
394 3372 532 3432 Salomon
560 3374 591 3431 iu
619 3376 750 3431 oratione
771 3390 826 3431 sua
847 3379 955 3447 ararat,
978 3377 1003 3433 si

83 3466 180 3531 qundo
207 3468 287 3548 pulsi
314 3471 345 3528 in
372 3471 491 3531 exilium
516 3472 554 3530 ad
586 3472 675 3531 istum
700 3472 797 3531 locum
829 3480 948 3533 orantes
971 3493 1003 3532 se

18 3567 21 3575 '
82 3564 220 3638 reuerent,
242 3571 277 3628 ui
299 3568 450 3629 exaudiret
471 3589 520 3630 cos
543 3570 634 3643 Deus,
657 3575 687 3630 et
708 3571 866 3633 reduceret
892 3574 923 3631 in
945 3578 1004 3633 tar·

82 3643 341 3749 Wdieat
357 3684 415 3753 „od
434 3688 585 3752 nontcst‘,
597 3692 626 3740 et
643 3701 718 3742 nou:
737 3685 776 3743 ad
791 3684 896 3741 iteum.
