2190 4064
62 107 127 171 ..tuo
175 133 178 139 ·
431 87 645 203 iinarratio
702 100 705 107 '

29 303 32 309 .
65 275 100 318 se
120 274 179 317 non
205 254 281 329 vello
311 257 469 331 observare
495 259 753 342 transgressiones
779 262 922 333 metrae,
951 260 1014 339 qnia

54 361 215 445 'eredimus
236 363 266 421 in
288 356 457 436 Christum,
477 370 507 425 et
527 365 647 425 Christo
668 363 803 430 fidimus.
849 365 940 427 linae
958 367 1013 441 ety·

65 486 155 548 peum
178 470 228 544 qui
250 467 401 544 objiciunt,
423 472 452 527 et
474 470 529 527 sub
551 488 585 529 eo
604 469 709 540 latent.
727 470 773 530 illi
795 471 949 537 habentur
964 489 1010 550 pra

65 572 149 646 tiliis,
180 574 254 650 quip¹
270 572 381 645 habent
406 575 646 654 propitiatorem:
676 562 728 651 uni
751 594 814 634 non
833 575 953 655 habent
970 593 1011 634 eo·

66 683 181 757 guntur
202 677 373 756 desperare.
415 677 495 742 uuio
525 679 602 753 enim
633 684 815 756 promovent
849 680 1008 740 annitendo

67 781 194 845 ad'ioea
208 776 435 863 apostolorumt
457 783 528 859 quid
546 786 721 861 promovent
742 774 902 870 induendo
921 782 1008 843 eueni-

68 887 145 960 inm,
171 893 201 947 et
222 889 331 951 misere
349 880 507 965 affligendo
526 887 655 967 eorpust
685 906 755 947 anm
776 890 956 970 simpliciter
971 887 1005 945 u

69 1000 119 1059 eat
145 993 262 1055 Dorida
303 994 356 1066 „Si
383 994 587 1061 observaveris
615 993 806 1069 iniquitates,
837 997 906 1072 quis
929 993 1004 1053 aneti·

6 1178 9 1183 Ι
68 1085 197 1159 nebit'te
218 1098 373 1177 dominet“
413 1097 495 1176 Ergo
515 1099 544 1156 in
560 1116 595 1159 eo
611 1099 710 1179 posita
722 1102 798 1161 sunt
811 1101 921 1171 omnia,
939 1096 1002 1174 quot

69 1204 219 1280 sequitur:

69 1366 117 1449 iV.
134 1389 258 1475 *outa
278 1370 382 1471 apud
408 1395 445 1450 te
466 1383 708 1470 propitiatio
729 1394 808 1460 est,
841 1394 881 1450 et
900 1406 1001 1469 prop·

152 1481 482 1581 ter'iegemtuam
510 1495 683 1554 sustinui
710 1498 749 1553 t‘e
771 1495 935 1583 domine.

80 1603 83 1609 ³
152 1621 492 1709 Hio.versus·pessime
521 1625 568 1681 est
588 1620 741 1693 redditus,
767 1640 804 1681 aa
826 1622 946 1681 vitietur
970 1620 1002 1676 ia·

70 1733 250 1808 terpres'eo
271 1728 452 1806 respexisse,
487 1724 566 1802 qnod
578 1776 581 1781 .
594 1727 686 1787 simus
703 1725 795 1803 justi,
826 1727 854 1785 st
874 1727 1003 1786 sustinea-

71 1853 138 1897 mus
160 1834 324 1905 dominum,
356 1836 409 1891 aut
430 1849 582 1891 servemus
602 1830 718 1910 legem,
748 1849 816 1890 eum
828 1841 940 1911 *men
957 1845 1002 1886 non

71 1939 224 2008 solatium,
255 1956 313 1995 non
342 1954 411 2014 spes
442 1936 543 2012 aliqua
576 1938 616 1996 sit
637 1936 758 2008 salutis,
792 1954 895 2011 quam·
912 1937 941 1994 in
968 1951 1003 2004 eo,

72 2043 152 2120 quod
171 2041 254 2100 Deus
275 2059 331 2120 per
346 2041 497 2100 Christum
518 2043 720 2101 remissionem
734 2047 931 2120 peecatorum
950 2057 1005 2119 pro·

71 2149 167 2221 misit,
197 2146 317 2224 rejectis
339 2145 512 2223 simpliciter
533 2146 668 2205 omnibus
688 2128 766 2207 aliis¹
781 2143 903 2224 legibus
924 2130 953 2203 et
970 2143 1006 2222 ja·

49 2332 51 2337 Α
72 2254 160 2314 stitiis
172 2248 234 2328 η).
282 2249 356 2309 Nam
376 2250 433 2309 hoe
454 2252 542 2309 etiam
573 2251 655 2329 prior
675 2250 813 2309 versiculi
835 2250 928 2329 hujus
947 2265 1007 2328 pars

73 2358 214 2430 affirmat,
251 2341 318 2416 eum
340 2355 426 2414 dicit:
468 2355 566 2425 „Quia
586 2354 668 2434 apud
689 2359 720 2413 te
748 2358 796 2433 est
816 2355 1007 2435 propitiatio.“

29 2534 31 2539 .
71 2463 153 2543 Ergo
174 2461 413 2543 propitiationem
431 2477 490 2518 non
511 2460 641 2519 invenies
662 2459 799 2531 inMose,
821 2478 883 2519 non
904 2461 933 2518 in
953 2459 1008 2535 iege
1043 2528 1045 2545 Ι

73 2567 287 2644 etiaetisiegis,
309 2584 367 2624 non
382 2567 411 2623 in
422 2565 606 2644 professione
616 2565 695 2625 vitae
709 2566 905 2634 monasticae,
925 2563 1009 2623 nonin
1043 2554 1045 2595 ²

74 2670 420 2740 durastiaboriosavita,
436 2671 531 2728 nonin
541 2669 744 2744 eleemosynis,
760 2667 1010 2748 nonapuddivun
1043 2658 1045 2669 '

73 2779 226 2847 iacobum,
237 2774 406 2833 autRomae
415 2774 444 2831 in
453 2774 526 2833 aede
534 2773 730 2844 diril’etri,in
739 2790 864 2842 summe,
874 2786 1010 2849 nusquam

73 2882 204 2941 invenies
223 2878 470 2959 propitiationem,
492 2880 562 2954 qnia
583 2895 728 2953 nusquam
749 2881 806 2947 eet,
828 2896 921 2953 qnam
942 2871 1013 2954 apud

19 3038 21 3043 .
72 2992 156 3062 „te‘t'
190 2985 249 3044 Est
269 2988 367 3042 autem
387 2981 623 3062 propitiati020)
645 3001 704 3042 non
725 2984 861 3040 nostrum
885 2982 1014 3039 meritum

73 3095 127 3150 aut
151 3089 269 3167 justitia
290 3092 407 3159 nostra,
437 3087 490 3146 sed
511 3088 644 3166 gratuita
664 3087 796 3146 remissio
820 3094 1016 3165 peccatoram,

74 3196 258 3276 ignoscentia
303 3197 333 3252 et
374 3191 560 3269 indulgentia
600 3209 656 3269 per
695 3191 859 3250 Christum.
929 3191 1017 3256 Hane,

75 3302 191 3362 etiamsi
216 3298 297 3357 mille
318 3298 456 3358 annis'te
484 3296 598 3375 affligas
626 3298 656 3355 in
677 3296 873 3366 monasterio,
906 3298 936 3354 in
965 3312 1019 3354 mo-

148 3535 197 3603 l'J)
219 3504 385 3600 i'ropitiatie
425 3527 494 3598 apud
522 3525 610 3578 nrum
646 3525 736 3577 solnm
778 3531 824 3577 est
862 3525 1019 3578 exclusiva.

28 3619 30 3623 ¹
75 3630 128 3699 20)
150 3626 314 3699 Propitiatio
335 3624 409 3696 quid.
