2190 4064
76 112 135 233 tito
408 157 686 233 ¹distrorratio..

74 316 107 373 et
125 310 212 373 simui
234 312 333 391 specie
350 311 552 391 ot⁸hypdcrisi
568 314 735 393 opinionem
758 314 1008 401 sanctitatiprppd

74 416 183 495 rorigus
203 415 360 493 coliigunt,
381 420 428 475 ut
448 415 606 499 rideantur
633 420 778 499 tauquam
799 420 1010 503 spectacutpct

73 523 171 601 onpeii
193 524 223 581 io
244 520 457 593 mondo-esse,
479 538 536 579 non
557 520 706 595 homines,
725 526 760 584 et
781 523 852 593 ideo
874 525 951 609 digeri
968 524 1010 585 is·

72 630 215 701 beantur,
249 626 297 703 qui
327 624 444 699 laborer
474 624 636 685 alienarum
662 644 805 699 manuum
837 631 1010 697 nrandncmi.

72 722 158 807 linire
179 735 225 789 est
245 732 422 809 praesertim
443 734 610 789 nostrornm
631 732 840 811 papistorum.
870 736 1012 801 monmbo·

73 855 149 911 rupo,
171 833 403 905 sacrificulorum
424 840 455 893 ot
476 834 643 901 monialium
659 834 768 917 sacra,
788 839 925 913 honest,
943 860 1011 927 erse·

72 940 193 1001 erabilis
216 940 346 999 castitas.

105 1102 109 1111 ,
156 1046 217 1109 tini
247 1046 312 1103 hoc.
333 1044 420 1109 modo
441 1064 461 1103 a
482 1044 618 1123 conjugio
650 1049 819 1123 abstinent,
856 1068 927 1115 rere
952 1052 1012 1113 sont

73 1150 256 1225 antichristi,
289 1150 452 1219 secundnm
482 1150 658 1209 senteutiam
680 1150 832 1223 Danielis,
871 1154 922 1231 qui
943 1154 1011 1233 iuno
1045 1194 1047 1199 ·

73 1250 219 1333 insignem
246 1254 412 1315 antichristi
444 1246 545 1313 notam
573 1273 639 1315 essa
660 1254 748 1329 dicit,
781 1256 864 1333 quod
886 1258 1011 1337 concupi-
1044 1300 1047 1321 ι

1 1407 3 1416 .
74 1360 216 1419 scentiam
239 1358 396 1417 mulierum
418 1376 476 1416 non
498 1359 625 1419 curabit.
665 1360 699 1418 id
720 1359 822 1441 glossa
845 1379 964 1439 quoqne
979 1360 1010 1421 dr
1044 1368 1047 1443 j

74 1463 247 1523 antichristo
278 1465 397 1542 exponit
428 1464 475 1521 hie
502 1466 617 1534 verbis,
646 1464 725 1543 quod
753 1464 955 1539 ¹simulaturus
978 1466 1010 1527 sit

73 1570 255 1641 castitatem,
287 1577 323 1635 nt
353 1567 469 1635 facilius
501 1567 638 1647 decipere
668 1570 775 1649 possit.
819 1566 892 1645 ¹Nos
922 1579 1009 1649 auten

72 1674 150 1751 banc
173 1664 291 1751 quodue
312 1690 433 1751 causam
455 1670 605 1745 addimus,
632 1679 667 1733 ut
688 1672 851 1753 delicatum
871 1676 1008 1741 hominm

72 1798 168 1858 penus
189 1778 368 1847 molestiam,
389 1794 477 1837 curas
499 1776 778 1859 etnsolliciiudioem
798 1780 890 1843 istam
911 1782 1008 1863 edope

72 1888 134 1963 ret,
154 1901 242 1959 quam
263 1882 547 1959 conjugium-secum
569 1880 669 1961 aii'ert,
686 1880 805 1963 dignam
829 1885 949 1960 quidem
965 1886 1007 1967 pio

71 1990 143 2057 viro,
165 1989 189 2047 si
212 1988 254 2045 ita
277 1988 303 2045 oi
326 1986 461 2050 dominus
483 1984 608 2044 dederit.
651 1985 711 2047 Sed
731 1988 784 2066 oni
809 1990 876 2049 siue
896 1994 1006 2075 peceato

72 2084 208 2171 conjugio
239 2109 342 2165 carere
368 2093 511 2171 possunt,
543 2091 683 2149 fruantur
701 2091 721 2151 ii
743 2110 798 2153 suo
828 2094 926 2169 dono,
955 2096 1006 2155 rino

72 2198 196 2277 aliorum
223 2192 414 2267 contumelia,
447 2194 555 2271 quibus
581 2193 612 2252 id
635 2194 743 2259 donum
770 2206 911 2261 nonest
957 2198 1008 2264 tii

73 2322 174 2363 omnes
194 2301 304 2382 potius,
327 2317 414 2381 quarn
435 2300 550 2378 impure
571 2299 670 2359 oirnut
692 2300 763 2371 sine¹
776 2305 926 2387 conjugio,
946 2306 1005 2367 deli

71 2413 145 2487 gant
167 2407 334 2479 castitatem
356 2396 557 2483 conjugalem,
577 2404 728 2484 puriorem
747 2408 778 2464 et
798 2410 1006 2483 meinamma

70 2512 135 2573 neo
156 2514 250 2593 magis
270 2496 511 2591 gratam‚'qnam
535 2509 664 2589 omnium
684 2511 874 2591 papinianum
894 2517 1004 2577 castitas

70 2638 138 2683 esse
165 2622 282 2698 potest,
312 2615 436 2685 etiamsi·
455 2615 485 2672 in
513 2618 607 2675 totum
628 2633 647 2673 a
666 2614 824 2675 mulierum
853 2634 1004 2701 coagmen

69 2725 269 2787 abstinerent,
300 2719 379 2798 quod
400 2723 500 2783 tamen
521 2717 665 2797 quomodo
685 2718 812 2793 iaciant,
834 2732 937 2787 notum
957 2728 1003 2785 ert

70 2829 104 2886 Si
124 2828 217 2907 igitur
238 2830 308 2885 sunt
329 2818 464 2907 quidam,
496 2825 547 2902 qni
578 2824 686 2895 donum
718 2827 867 2889 castitatis
897 2830 1003 2897 babent,

70 2936 106 2993 ut
126 2934 191 2991 sine
213 2931 349 3008 conjugio
372 2927 530 2991 ardoribus
551 2929 649 2989 carnis
671 2934 801 3001 careant,
824 2932 855 2991 hi
876 2934 1003 3007 maneant

64 3025 99 3092 ¹iu
120 3054 174 3107 sno
197 3035 284 3095 dono.
326 3034 439 3099 Contra
453 3034 503 3110 qui
516 3037 654 3103 uruntur,
675 3034 705 3092 hi
725 3034 921 3115 imbecillitati
942 3054 1002 3099 suar

68 3139 239 3211 consulant,
272 3139 435 3199 secundum
464 3136 549 3197 Pauli
583 3140 705 3197 verbum
737 3144 769 3197 et
799 3141 1001 3203 ordinationem

67 3349 123 3411 etsi
145 3349 222 3407 dona
243 3352 303 3410 siut
323 3349 504 3417 differentia,
525 3350 624 3409 tamen
646 3348 778 3426 ejusdem
801 3349 912 3409 domini
933 3346 999 3423 serii

66 3472 253 3525 maneamus,
285 3456 448 3519 retinentes
480 3455 583 3513 bonam
612 3454 823 3521 conscientiam
846 3461 877 3515 et
905 3452 999 3515 nemini

67 3558 240 3620 scandalon
260 3560 446 3639 praebentes.

149 3665 200 3725 Sic
220 3663 389 3744 conjugium
410 3665 554 3727 nanctum,
577 3658 734 3733 laudabile„
757 3664 866 3723 bonum
889 3671 920 3726 et
938 3659 998 3723 utile
