2190 4064
55 122 129 221 ιΩἏ
357 114 363 121 ’
396 70 421 187 Ι,
445 121 658 201 Eoorrutio
696 138 700 143 '

67 276 114 335 lta
134 274 195 347 bier
240 252 546 338 commentantem
566 277 657 339 silero
676 277 820 339 animem·
832 288 947 349 neam,
963 272 1011 339 ito

68 386 131 452 est,
154 398 222 441 cum
242 400 301 441 non
321 381 514 455 humiliabar,
535 398 604 443 cum
618 393 683 442 non
707 385 1011 461 abstineremapm·

41 498 45 515 “
69 488 217 547 sumtiouo
238 492 276 557 et,
289 486 398 547 fiducia
420 482 726 568 propriae-justititia,
746 487 835 565 legis,
855 488 915 569 imo
935 490 1012 549 otiam

69 590 126 653 Dei
147 591 319 670 perlegam
341 591 430 664 culti,
451 610 519 651 cum
538 593 798 655 uonbumilierom
815 611 883 663 me,
905 610 942 653 tc
954 610 1013 671 pro·

70 696 171 757 literar
197 715 244 757 me
274 696 393 771 quidem
423 716 561 757 servasse
588 697 687 773 aliquo
709 697 801 757 modo
823 697 939 777 legem,
968 696 1013 759 rei

69 807 170 863 tamen
191 806 312 881 optare,
333 821 371 867 ne
391 802 485 863 intret
501 802 637 869 dominus
650 803 680 859 in
691 802 845 880 judicium
857 822 928 863 cum
939 821 1012 863 semo

70 926 141 979 suo,
163 907 246 979 haec,
263 907 401 983 inquam,
424 925 491 967 curu
513 923 572 965 non
593 906 740 980 bearem,
761 912 830 967 tum
853 926 939 969 eram
956 926 1014 969 rere

26 1050 33 1061 -
70 1014 149 1074 sicut
169 992 347 1073 ablactatus.
526 1072 530 1083 ,

153 1117 301 1194 Loquitur
321 1117 470 1199 propbeta
490 1116 529 1176 da
549 1135 583 1175 rs
603 1112 744 1187 maxima,
765 1118 798 1174 et
820 1116 1015 1187 tamen‘vide·

72 1228 123 1285 tur
144 1222 304 1282 similitudo
325 1240 450 1302 parrum
472 1220 585 1298 aliquid
607 1224 637 1279 et
657 1202 820 1281 leviculum
843 1222 1015 1301 significare.

50 1330 136 1397 ,Cur
155 1328 232 1388 enlm
253 1328 353 1408 potius
375 1326 412 1386 ab
429 1318 614 1403 iniante¹⁴),
635 1342 723 1401 quem
745 1344 764 1385 a
784 1326 852 1387 viro
869 1327 938 1405 jam
957 1342 1016 1387 con·

70 1434 186 1494 firmato
209 1433 322 1492 viribus
342 1430 566 1492 similitudinem·
583 1430 681 1510 petiti
731 1430 794 1493 Sed
818 1450 880 1491 nou
901 1434 1016 1513 propria

72 1539 183 1610 solum,
221 1557 325 1598 verum
357 1536 444 1596 etiam
473 1536 547 1596 mire
577 1536 676 1596 suavis
704 1534 803 1615 ligura
834 1546 893 1599 est.
936 1537 1016 1604 (tuod

74 1646 151 1705 enim
171 1642 353 1725 periculum,
382 1640 462 1718 quod
483 1641 705 1729 ¹incommodum
730 1632 829 1720 puero
849 1646 956 1723 potest
975 1662 1028 1724 aca-

73 1750 174 1809 ciders
193 1749 305 1826 majus,
325 1764 413 1823 quam
436 1747 460 1807 si
481 1747 616 1824 privetur
630 1747 783 1805 memmei
828 1747 919 1811 llaec
940 1750 1017 1827 quusi

73 1855 223 1914 damnatio
244 1857 276 1912 et
295 1870 375 1911 mors
396 1850 533 1910 infantuli
555 1871 621 1911 esse
641 1850 769 1911 ridetur.
813 1854 886 1927 Sic,
918 1857 1016 1934 inquit,

73 1978 142 2020 cum
157 1957 266 2036 spiritu
284 1955 443 2035 superbiae
464 1960 496 2014 et
510 1956 679 2015 securitatis
701 1959 863 2037 antipater,
884 1964 920 2019 et
941 1963 1017 2021 cmii·

74 2070 167 2125 terem
189 2061 269 2121 illam
289 2059 447 2119 mamillam
466 2060 582 2119 divinae
594 2061 725 2139 gratiae,
745 2066 934 2125 remissionis
955 2074 1018 2146 peu·

74 2174 208 2231 catorum
230 2144 261 2226 et
279 2167 506 2246 propitiationis,
526 2166 720 2225 veresimilis
741 2178 824 2225 eram
845 2186 954 2249 puero,
972 2170 1018 2247 qni

73 2280 206 2335 matrem·
225 2273 342 2344 amisit,
374 2274 404 2330 et
433 2273 497 2330 sine
526 2258 672 2333 ben'sticio¹
700 2273 804 2331 matris
834 2294 897 2334 nou
919 2279 1019 2357 'potest

73 2382 187 2448 rivere,
222 2379 279 2438 hoc
299 2384 361 2448 est,
398 2395 478 2437 eram
499 2376 530 2434 in
551 2376 714 2436 certissimo
736 2381 767 2436 et
788 2382 926 2441 extremo
945 2383 1019 2462 peri·

75 2485 142 2545 culo
160 2485 264 2553 mortis
285 2484 410 2561 positus.
705 2546 708 2551 ,

157 2589 287 2649 Deducit
307 2589 408 2662 itaque
429 2585 576 2665 propbeta
603 2586 651 2646 bic
679 2606 732 2648 uos
761 2588 800 2647 ad
821 2589 900 2650 illud
922 2612 1021 2653 neees-

75 2695 186 2756 sarium
208 2693 366 2750 discrimen
387 2691 461 2770 legis
485 2699 515 2752 et
530 2692 682 2769 evangelii.
724 2691 853 2773 beust)
877 2698 958 2755 enim
976 2700 1021 2757 ert

76 2800 212 2861 doctrina
233 2796 402 2855 neccssaria
424 2795 464 2854 ad
485 2797 722 2857 contundendam
744 2798 825 2857 illam
842 2804 1020 2881 superbiam,

76 2909 108 2966 ot
127 2904 306 2980 obstipatum
323 2898 464 2957 malitiam
478 2896 594 2978 peccati
610 2903 712 2975 nostri,
723 2922 823 2979 uuam
836 2911 1021 2985 praesumtio

72 3007 208 3091 justitiae
231 3008 355 3063 nostrae
383 3005 472 3082 parit.
522 3005 580 3065 Est
608 3008 743 3083 quidem,
769 3016 805 3069 ut
832 3030 931 3090 supra
957 3015 1022 3083 diri,

75 3113 257 3197 praesumtio
276 3110 379 3186 opum,
401 3112 567 3187 potentiae,
587 3114 765 3190 sapientiae,
787 3115 842 3175 sed
863 3117 937 3178 buic
957 3138 1023 3179 con·

76 3221 134 3283 suli
155 3221 257 3299 potest
277 3214 367 3272 varie.
394 3214 618 3287 diaconalem,
640 3234 716 3292 quae
738 3218 775 3277 do
791 3225 917 3300 propria
935 3225 1024 3302 jusii-

77 3319 310 3404 tiaprae'aumit,
329 3319 419 3398 plane
440 3321 611 3380 incurabilis
633 3327 692 3393 est,
716 3342 770 3383 noc
790 3332 894 3402 potest
915 3332 1023 3401 sanam,

78 3432 134 3493 nisi
155 3428 254 3489 reniet
275 3423 326 3483 illo
346 3424 520 3495 ablactatio,
549 3424 587 3485 de
614 3446 673 3503 qua
694 3426 790 3487 David
810 3431 860 3490 hic
882 3431 1024 3511 loquitur,

147 3631 199 3703 li)
218 3630 375 3691 Similitudo
396 3631 430 3686 do
449 3632 559 3687 iuiunti.
632 3631 681 3704 15)
701 3632 836 3693 Doctrina
854 3639 944 3715 legis.
