2190 4064
75 112 134 185 tto
188 82 190 89 Ι
439 108 656 197 Bunrretio'

69 262 154 343 justo
173 264 236 331 est,
265 259 320 321 sod
351 259 431 335 quod
462 259 679 338 njuttltientls,
706 270 762 348 sou
778 259 886 344 justis,
907 274 962 319 seu
978 258 1025 319 n:
1061 290 1065 294 ·

73 362 140 441 ipse
156 359 276 439 justitie
296 357 379 419 liunt.
423 359 556 425 (tuendo
581 361 659 423 euim
684 358 815 440 populus
844 357 1026 439 est-justu:

75 464 106 520 et
126 459 286 538 cognoscit,
306 457 387 535 quod
408 458 471 517 solo
491 459 594 537 gratio,
608 456 672 519 Deo
692 458 902 537 plecootnon
921 456 1019 534 ulique

75 570 131 623 suu
150 556 296 637 dignitate
315 566 368 618 eut
387 558 507 628 meritis,
530 562 603 617 tune
618 546 1045 635 quidquid'seoundumvffl

75 658 147 719 bum
165 656 223 716 Dei
243 656 328 728 lenit,
350 661 432 717 recte
452 660 575 717 'vocotur
596 661 649 715 sut
672 655 849 717 sucrificium
872 659 926 715 eut
946 669 1019 735 opus

73 756 224 834 iustitiae,
254 756 342 815 etium
363 754 414 814 ille
434 756 614 834 corporalia,
645 760 681 815 ut
717 774 786 816 eum
811 757 914 815 riuum
938 754 1019 823 bibit,

76 854 152 917 bibit
171 855 271 915 vinum
288 855 442 933 justitiae,
471 873 539 917 eum
558 853 656 915 induit
677 856 823 925 tunicam,
854 852 954 929 induit
975 859 1021 913 tu·

78 955 174 1015 uicum
192 954 341 1031 justitiae,
363 972 431 1014 oum
451 954 591 1014 familiam
610 956 697 1033 regit,
717 954 796 1033 regit
816 950 1021 1031 lemillumju-

79 1054 191 1125 stitloe,
213 1055 238 1112 si
259 1054 336 1131 gerit
356 1052 482 1124 bellum,
514 1056 539 1112 si
561 1053 748 1129 administret
768 1050 915 1131 politiam,
937 1053 963 1111 sl
982 1052 1022 1111 ri·

57 1154 136 1224 'nt
157 1152 183 1211 si
203 1152 345 1223 moritur,
367 1153 463 1212 omnia
484 1152 534 1211 ille
555 1152 627 1211 feeit
644 1152 788 1230 justitiae,
808 1146 1024 1229 quisperant

79 1255 127 1313 est
143 1251 236 1329 juste
279 1248 326 1309 Ad
348 1250 427 1311 huno
447 1251 566 1311 modum
588 1250 683 1311 altere
702 1249 842 1328 intellige,
863 1249 926 1310 sive
942 1248 1022 1320 illud,

79 1349 160 1429 quod
191 1368 229 1433 eq
259 1351 393 1430 tempore
421 1352 454 1409 in
480 1350 590 1434 templo
618 1355 682 1409 eret
702 1343 917 1426 Hierosolymis
927 1391 949 1435 ³..
964 1350 1029 1409 sive}

79 1449 271 1530 ollogorieum
303 1450 461 1533 templum,
495 1450 574 1528 quod
587 1449 682 1513 lindie
709 1451 756 1508 est
782 1464 838 1527 per
859 1451 957 1507 totum
976 1466 1023 1508 or-

79 1552 146 1611 bem
168 1555 325 1611 terrarum.
369 1536 373 1542 ¹
468 1630 471 1635 Ἢ
907 1588 910 1593 -

162 1652 244 1731 Ergo
267 1650 376 1733 duplex
397 1652 574 1713 sacrificinm
606 1651 689 1711 nobis
710 1649 850 1729 proponit
868 1648 1023 1726 prophete
1059 1650 1065 1667 ¹

80 1752 216 1811 Primum
238 1757 300 1821 est,
322 1751 401 1826 quod
422 1754 538 1810 vocavit
557 1769 609 1810 oor
630 1745 803 1820 contritum,
824 1766 892 1813 eum
914 1747 1026 1808 seilicet

81 1853 210 1913 sentitur
230 1851 353 1928 spiritus
373 1834 596 1920 contribulatus,
619 1854 649 1909 et
662 1868 713 1910 cor
731 1847 926 1933 humiliatum,
949 1846 1033 1925 quod.

80 1949 215 2009 luctatur
244 1967 309 2007 eum
338 1942 564 2028 cogitationibus
592 1949 653 2009 irae
690 1954 720 2009 et
735 1946 840 2028 judicii
861 1946 926 2017 Dei.
969 1946 1052 2011 Hier

81 2048 163 2120 ride,
197 2066 235 2131 ue
256 2048 348 2117 addes
381 2047 631 2127 desperationem,
663 2048 716 2107 sed
744 2047 858 2108 confide
885 2051 916 2107 et
938 2046 1027 2108 erede

81 2149 113 2206 iu
146 2164 228 2226 spem
261 2152 365 2207 contro
398 2166 489 2227 spem.
546 2146 684 2207 Christus
711 2147 788 2206 enim
820 2150 867 2206 est
893 2146 1026 2207 medicus

83 2248 285 2317 contritorum,
307 2249 357 2324 qui
377 2247 478 2327 lepsos
499 2246 566 2321 rult-
584 2247 706 2325 erigere,
728 2250 758 2305 et
777 2244 1028 2326 liuumfumiguns

60 2365 141 2407 non
161 2349 363 2426 exstinguere,
394 2346 447 2408 sed
476 2348 584 2407 lovere.
626 2347 660 2405 si
679 2346 770 2424 igitur
791 2365 823 2406 es
844 2346 948 2417 linum,
970 2342 1029 2407 noli

82 2449 149 2527 ipse
169 2452 200 2507 te
222 2448 416 2524 exstinguere,
437 2448 494 2507 hoc
509 2452 563 2518 est,
584 2444 643 2504 noli
656 2445 893 2525 desperationem
907 2445 1029 2505 addere.

84 2549 117 2607 Si
139 2546 323 2606 osculamus
346 2546 498 2617 contritus,
521 2545 580 2605 noli
601 2552 632 2604 te
646 2544 772 2622 emplius
787 2549 956 2617 conterere,
979 2550 1031 2606 eut

84 2646 214 2705 Satanae
235 2645 448 2724 conterendum
468 2644 548 2718 dore,
569 2646 622 2705 sed
643 2645 682 2703 do
702 2648 732 2703 te
754 2644 881 2716 Christo,
905 2647 965 2720 qui·
985 2651 1033 2706 est

84 2744 322 2824 philanthropus,
344 2749 375 2803 et
396 2747 475 2803 amet
497 2751 709 2822 conquassatos
731 2749 762 2803 et
784 2746 926 2804 contritos
944 2747 1033 2825 spiri-

83 2848 143 2903 tus.
185 2843 252 2903 Hoc
275 2848 321 2903 est
341 2844 477 2921 primum,
506 2849 536 2915 et
556 2846 740 2922 potissimum
767 2843 943 2903 sucrificium
975 2850 1031 2905 est.

84 2941 200 3003 Deinde
232 2962 298 3003 cum
331 2944 373 3002 ita
403 2944 556 3021 cognoscis
583 2943 678 3003 Deum
710 2962 776 3003 osse
803 2942 1034 3022 justificatorem

32 3052 36 3059 '
84 3045 283 3120 peccatorum,
305 3044 330 3102 si
351 3045 432 3102 cenis
452 3062 545 3102 unum
564 3042 627 3104 Deo
649 3046 769 3122 gratias,
789 3049 861 3102 tunc
881 3043 969 3103 addis
990 3044 1034 3103 el-

85 3145 184 3199 terum
205 3140 398 3213 sacrificium,
424 3160 538 3221 ¹nempe
558 3143 733 3203 sucrificium
752 3144 955 3202 retributionis
978 3163 1035 3204 sou

86 3238 276 3320 gratitudinis
310 3258 365 3319 pro
396 3245 519 3321 accepto
551 3243 643 3315 douo,
675 3242 754 3319 quod
775 3226 950 3302 sacrificium
973 3260 1034 3303 non

87 3342 134 3399 est
152 3338 300 3410 meritum,
322 3339 377 3399 sed
396 3341 541 3402 eonlessio
562 3349 594 3401 et
610 3341 777 3402 testificatio
798 3342 921 3420 gratiae,
943 3359 1035 3417 quam

86 3436 168 3499 lleus
190 3441 260 3497 tuus
274 3457 309 3497 ex
320 3438 403 3499 m'era
416 3440 617 3501 misericordis
634 3442 686 3500 tibi
703 3441 830 3519 largitus
851 3444 905 3500 est.
927 3441 1035 3517 ltuquo

87 3538 260 3600 holocauste
281 3540 311 3597 in
332 3538 405 3618 lege,
428 3541 576 3601 nsenetis
598 3545 628 3603 et
645 3542 736 3618 justis
757 3541 897 3611 exhibita,
920 3559 953 3601 eo
976 3540 1036 3601 line
