2190 4064
66 270 71 279 ,
224 224 226 229 '
299 181 757 309 Epistoiadedicatdria
962 153 1071 313 {⁸¹¹-

80 367 215 449 .pssinum
225 362 375 431 Lutherns
397 348 555 429 enarravit.
577 352 619 425 ihi
642 366 717 451 enim
736 365 916 450 suspectatio
937 363 1014 425 haee
1041 446 1044 451 .

96 471 266 539 etiameorum
285 466 508 547 praedieatione
519 463 617 527 aueta'
629 470 683 535 est,
706 454 757 541 uui
767 484 832 525 emm
848 466 1013 527 audierant.

96 567 157 631 duis
167 572 260 627 autem
275 568 333 636 isti,
349 567 400 642 qui
409 562 533 644 primam
546 568 577 624 in
589 567 645 625 hoc
656 585 764 646 genere
777 565 888 625 loboris
896 565 1028 649 laudem·

96 672 232 738 meatur,
264 666 329 726 aliis
362 665 484 725 edendis
510 665 654 726 haetenus
686 666 822 744 occupati
851 665 949 727 inere:
976 674 1046 727 ne·

96 765 183 827 diutim
192 769 336 829 bonorum
347 765 478 827 virorum
491 767 670 845 exspectatio
689 765 850 837 tolleretur,
867 765 947 826 volni
959 782 1015 849 pro

96 851 143 927 nea
149 867 345 943 mediocritate
355 864 482 931 Lutheri
497 867 712 925 enarrationem
725 867 755 923 in
766 865 847 943 hune
866 865 1015 947 psalmat

95 965 197 1045 volgare,
218 968 247 1024 in
269 955 330 1046 qna
350 966 488 1044 egregiae
509 965 725 1043 disputationes
747 971 817 1025 sunt
832 965 870 1024 de
881 970 1016 1046 peceato,
1064 1012 1069 1017 .

96 1063 121 1123 ie
136 1067 254 1143 gratias
269 1065 307 1125 de
334 1064 562 1143 justificatione,
584 1070 616 1123 et
639 1063 703 1123 aliis
724 1066 873 1144 primariis
895 1054 1015 1127 masmae

95 1152 215 1243 religionis
253 1165 400 1243 articulis·
441 1164 556 1230 Quodsi
587 1164 662 1223 haee
689 1167 720 1224 et
754 1166 791 1224 ab
819 1166 884 1225 aliis
913 1170 944 1226 et
976 1169 1013 1227 ah
1053 1158 1091 1231 ἰ,

95 1263 139 1341 ipso
164 1263 293 1348 Luthero
339 1265 410 1323 aiibi
440 1265 559 1344 egregie
590 1269 720 1324 tractata
759 1265 875 1325 erudite
895 1273 1016 1328 ostensa

94 1366 155 1433 suot,
175 1367 272 1421 tamen
299 1365 443 1423 existimo¹
465 1363 608 1448 eeclesiae
635 1364 708 1425 nihii
728 1383 822 1440 aeque
844 1385 910 1426 esse
932 1368 1014 1440 utile,

93 1478 157 1535 quan
174 1466 208 1520 ιιι
234 1465 448 1542 copiosissima·
458 1463 494 1531 de
515 1464 560 1522 his
582 1466 672 1523 rebus
698 1465 866 1524 testimonia
889 1471 1025 1533 exstent„

93 1546 219 1633 i'idirnus,⁴
234 1581 304 1645 curn
331 1564 407 1621 haec
436 1562 572 1622 doctrina
592 1564 675 1622 initio
697 1568 903 1642 spargeretur,
927 1551 1016 1643 quam

79 1657 257 1721 horribilibus
267 1663 403 1744 convitiis
425 1664 462 1722 ah
478 1656 656 1722 ad'versariia
670 1666 793 1741 excepta
813 1663 861 1722 sit.
884 1655 1017 1728 Quim'o·
1043 1733 1046 1738 ,

91 1756 244 1820 inertissimi
266 1765 361 1839 eraut,
381 1759 550 1824 clamabant
569 1761 647 1820 hanc
668 1761 819 1820 doetrinae
830 1748 1022 1825 novationem

89 1860 264 1935 puomossm
294 1879 368 1920 esse.
411 1859 472 1926 Sed
501 1879 559 1936 quo
587 1879 639 1920 ore
672 1878 781 1938 quaeso
814 1862 929 1923 novatio
958 1852 1018 1925 dict
1047 1879 1054 1906 2

88 1963 174 2036 potest,
186 1961 479 2040 quodpersanetum
488 1961 632 2039 Spiritum
648 1962 732 2021 annis
748 1961 817 2040 plus
835 1980 923 2037 qnam
935 1963 1016 2024 mille

90 2064 152 2119 rehu
185 2061 360 2120 clarissimis
393 2052 549 2119 sententiis
582 2064 628 2120 est
658 2060 831 2139 proditumi
873 2061 919 2122 De
950 2061 1017 2123 aliis
1065 2053 1085 2107 .‘

88 2157 258 2239 blasphemiis
278 2146 353 2217 nihil
374 2158 449 2230 dico,
471 2146 577 2236 quibus
600 2159 758 2240 eoelestem
782 2158 945 2221 doctrinam
965 2163 1017 2222 ho

86 2259 158 2318 niues
179 2260 263 2338 impii
290 2259 484 2337 proscindere
505 2278 564 2318 non
585 2264 656 2319 sunt
675 2261 770 2318 veriti.
814 2261 875 2339 Sed
897 2280 1016 2337 quaeso,

83 2359 213 2433 quodnam
244 2358 305 2429 eat,
336 2375 393 2434 quo
421 2363 578 2437 tantopere
607 2359 743 2418 utiendum
746 2359 817 2417 turi
856 2361 1017 2431 Sacerdu
1066 2357 1068 2361 ’

82 2460 131 2517 tum
150 2458 290 2538 conjugia
310 2457 452 2517 damnare
478 2476 537 2535 ιιιιιι
562 2432 697 2537 possdnt
739 2440 867 2529 Namet
853 2456 1019 2541 texempla
1043 2440 1053 2458 “

80 2561 173 2618 veteris
206 2558 364 2618 eeclesiae
372 2557 487 2629 vident,
460 2563 550 2617 tet
577 2564 686 2648 ιιοιιιιιι
719 2559 896 2640 sententiam
910 2557 1015 2619 Pauli:

77 2656 191 2725 ‚Melius
212 2661 268 2717 est
281 2658 394 2716 nubere
421 2675 480 2733 quo
500 2658 576 2717 uri..“
595 2644 712 2741 Neque
734 2659 889 2759 quisquam
897 2659 1021 2739 adhuc,

41 2759 181 2835 opinor,
199 2757 265 2828 fuit,
287 2759 337 2833 uui
359 2776 449 2818 sanae
465 2756 577 2837 mentis
599 2763 692 2828 esset,
716 2763 746 2817 et
762 2776 825 2838 ιιιιιι
838 2740 946 2836 potius
966 2776 1017 2839 op·

73 2862 161 2927 toret,
186 2856 357 2917 sacerdotes
378 2859 519 2927 maritos,
540 2870 628 2934 quem
649 2861 828 2917 scortatores
850 2861 880 2915 et
903 2857 1018 2917 adulte-

70 2973 117 3015 ros
145 2975 224 3016 asse.
267 2956 398 3041 Coenam
428 2957 551 3047 domini,
583 2959 695 3034 inqua
714 2974 824 3035 corpus
845 2960 875 3016 et
896 2960 1017 3037 sanguis

69 3048 181 3115 Christi
189 3054 326 3115 iidelrbus
349 3056 578 3126 distribuuntur,
599 3050 687 3115 etiam
709 3044 867 3115 damnare
870 3077 929 3117 non
942 3077 1018 3137 pos

66 3159 153 3225 sunt,
174 3154 278 3213 vident
299 3157 377 3212 enim
397 3157 611 3216 institutionem
633 3155 744 3240 Christi
720 3156 965 3239 manifestam,
988 3162 1040 3221 et‘

66 3255 117 3329 qni
133 3252 269 3313 saniores
290 3258 370 3325 sunt,
391 3254 604 3333 blasphemiam
620 3273 686 3313 esse
697 3233 843 3331 judicant,
866 3256 1019 3335 praeferre

64 3352 213 3413 eecioeiae
233 3353 443 3413 auctoritatem
463 3352 554 3414 verbo
576 3360 607 3413 et
626 3355 803 3413 institutioni
826 3354 947 3413 Christi
968 3355 1020 3414 Sic
1081 3426 1084 3431 ι

64 3451 274 3513 libertatem'
265 3472 297 3510 ιιι
318 3453 402 3515 cibis
413 3452 554 3525 damnare
581 3472 640 3512 non
655 3448 789 3533 audent,
818 3472 885 3512 cnm
906 3452 1019 3511 Paulus

62 3551 173 3628 jubent
205 3553 352 3615 omnihus
359 3536 427 3611 sine
448 3551 617 3612 discrimine
639 3553 732 3622 testi,
760 3547 827 3613 cum
855 3532 1020 3630 gratiarum

64 3652 191 3711 actione
235 3649 322 3711 Haeo
342 3657 373 3711 at
394 3651 500 3741 similia
518 3645 605 3711 nemo
628 3671 717 3713 sanus
735 3653 815 3711 inter
833 3651 1020 3711 adversarios
1053 3734 1063 3746 ι

693 3752 790 3818 χιιιι
892 3787 895 3792 -
