2190 4064
66 135 132 194 3⁰2
292 128 307 205 f
389 166 399 225 .'
427 126 654 219 ,Ennea-atio
699 215 702 220 .

70 273 173 347 teritis
184 284 294 347 nuditas
304 293 413 365 mersa
422 283 453 341 et
459 281 549 342 utiles
557 279 720 357 doctrinas,
731 266 827 343 terme
836 266 877 343 de
888 286 1016 344 oinniiias‘
1030 350 1036 361 ,

73 390 207 452 articulis
229 391 329 451 totins
346 386 498 466 religionis
519 385 718 458 christianae,
750 387 789 449 de
809 387 1017 468 justificatione

61 512 128 557 -seu
147 496 321 557 remissione
340 495 548 574 peecatorum,
577 479 616 551 de
632 501 743 565 erues,
765 493 805 553 de
826 496 963 565 canente,
984 495 1018 553 ds

72 599 228 687 conjugio,
248 600 427 679 magistratu
447 601 506 657 etos
523 594 667 676 (perinde
688 615 726 657 ao
748 599 774 658 si
794 599 854 658 hoo
875 598 1018 660 studuerit

71 706 239 786 propheta,
268 709 305 765 ut
323 705 354 763 in
370 703 470 765 ¹hisee
499 700 696 763 breviusculis
720 704 845 781 psalmis
878 723 1016 765 summam

18 874 24 901 ι
73 823 178 871 eorum
192 807 466 889 comprehenderet,
487 805 568 884 quae‘
584 809 615 865 iu
638 808 751 886 populo
765 808 903 870 do‘eeuda
926 815 1019 881 suut),

73 914 193 975 ridetur
221 915 284 994 iam
311 910 491 975 eouoiudere
510 911 567 971 hoo
598 911 714 990 psalmo
735 913 910 976 institutum
940 933 1020 991 argu-

15 1090 18 1096 ·
73 1021 224 1079 mentumz
266 1019 344 1079 sieut
360 1036 416 1079 uos
431 1035 551 1094 quoque
574 1016 713 1090 solemus,
734 1036 803 1078 cum
823 1021 855 1076 in
878 1018 938 1079 fine
959 1038 1020 1078 oon·

74 1100 192 1189 omnum
222 1141 376 1203 rogamus,
409 1128 445 1183 ut
470 1123 555 1184 Deus
588 1124 677 1183 nobis
708 1128 868 1191 conservet
904 1126 1020 1182 verbum

65 1243 175 1307 suum,
194 1233 226 1287 et
255 1227 348 1290 donet
373 1230 477 1302 nobis,
503 1232 540 1288 ut
568 1228 597 1286 iu
627 1247 662 1287 eo
683 1245 926 1308 perseveremus,
958 1229 1022 1302 quis
1062 1284 1066 1288 ,

69 1351 143 1393 eum
164 1334 287 1393 verbam
303 1338 350 1395 est
369 1347 491 1414 purum,
511 1339 576 1393 tum
597 1335 695 1417 omnia
715 1337 787 1393 snnt
801 1331 900 1402 salva,
922 1339 1022 1390 saneta

75 1451 107 1497 et
120 1456 208 1517 pura,
228 1443 383 1515 uteunque
404 1438 515 1499 suriant
536 1443 643 1517 portae
662 1440 832 1508 interorum,
853 1443 885 1497 et
898 1455 954 1496 nos
968 1455 1021 1495 non

44 1532 58 1565 ³
74 1543 171 1602 sotum
192 1558 322 1613 rerum,
344 1542 398 1603 sed
419 1559 539 1618 quoque
560 1543 639 1606 vitae
660 1549 691 1603 et
719 1527 855 1621 eorporis
874 1538 1027 1620 jacturam,

75 1647 228 1707 iaciamus.
282 1647 364 1713 Quid
396 1648 475 1707 enim
503 1648 533 1703 iu
569 1666 606 1709 eo,
622 1647 813 1708 'incommodi
843 1653 905 1717 est,
939 1645 1021 1703 modo

75 1750 385 1827 auimaex-salrenturt
428 1753 558 1811 Verbum
579 1752 681 1828 itaque
702 1756 762 1823 est,
795 1758 831 1811 ut
852 1752 897 1811 sio
919 1750 1022 1819 dicam,

75 1874 172 1934 genas
192 1856 448 1937 generalissimum
470 1857 601 1935 omnium·
619 1852 773 1929 honorum,
795 1855 945 1932 siquidem
966 1874 1022 1914 om·

12 2031 16 2041 1
67 1953 137 2047 uia
154 1961 233 2021 bona
265 1955 478 2037 conservat2).
530 1959 598 2021 Hoc
625 1967 724 2022 antem
753 1963 864 2021 amisso
891 1965 947 2020 aut
974 1959 1022 2018 de·

31 2120 32 2125 ,
76 2069 219 2144 pravato,
250 2067 347 2126 omnia
366 2068 445 2125 bona
465 2064 554 2123 simul
574 2073 646 2126 sunt
677 2067 795 2134 amissa.
839 2065 1023 2123 sicutenim

77 2171 194 2233 subiato
216 2170 279 2230 soie
299 2177 330 2230 et
351 2170 419 2230 iuoe
440 2167 556 2240 muudi,
589 2170 809 2253 quijnmbuiat,
840 2171 872 2227 in
892 2168 1022 2237 tenebris

77 2275 225 2348 ambulat,
257 2278 300 2337 ita
321 2279 480 2337 obscurato
512 2276 603 2335 verbo
625 2277 761 2352 seqnitur
793 2276 884 2334 etiam
904 2273 1024 2353 politiae

76 2378 253 2456 periculum·
295 2382 338 2441 ibi
368 2399 433 2445 uon,
455 2382 674 2465 magistratus,-
695 2399 754 2440 nou
774 2380 931 2452 subditus,
967 2397 1023 2438 uon

53 2483 201 2556 ¹unoilln,
224 2505 282 2546 nou
304 2505 409 2548 servus
430 2489 501 2556 scit,
525 2486 596 2561 quid
618 2486 723 2557 iaciat,
759 2485 908 2553 sedeunt
930 2486 1023 2560 omnia

78 2588 107 2645 in
132 2607 234 2647 errore
256 2594 286 2649 et
308 2592 490 2650 densissimis
503 2591 654 2677 tenebris.

158 2692 240 2771 Ergo
263 2696 311 2756 hic
331 2682 464 2776 psalmus
484 2692 637 2766 hortatur,
668 2690 703 2755 ut
723 2700 842 2754 orem'us
863 2712 921 2774 pro
936 2695 1022 2753 serbo

42 2794 45 2799 ’
78 2798 296 2858 conservando:
334 2801 507 2860 studeamus
536 2801 644 2879 singuli
674 2801 730 2860 hoe
758 2799 853 2861 officio
883 2799 1023 2877 adjurare

78 2903 245 2963 eeclesiam.
286 2903 360 2964 Nam
389 2905 446 2963 etsi
467 2923 618 2980 nunquam
637 2906 773 2979 ¹ecelesia
804 2911 851 2963 est
872 2907 937 2963 siue
958 2907 1023 2964 irae·

78 3009 197 3079 seticis,
224 3008 302 3067 siout
324 3014 442 3085 quoque
470 3006 574 3086 politia
592 3006 751 3088 'nunquam
774 3016 821 3068 est
849 3010 914 3069 sine
935 3010 1023 3069 honis

6 3090 22 3133 ¹·
77 3115 166 3172 dibus
187 3112 350 3183 seditiosis,
380 3118 480 3171 tamen
502 3116 591 3174 verbo
613 3116 712 3176 adhuc
733 3115 871 3176 ineolumi
894 3130 954 3172 non
975 3130 1022 3192 po*

79 3222 140 3278 test
161 3217 241 3287 fieri,
270 3218 341 3294 quin
357 3219 454 3279 multu
474 3220 551 3278 bona
583 3221 719 3280 etmulti
747 3222 817 3279 boni
840 3238 961 3296 quoque
987 3219 1022 3275 si-

49 3351 52 3355 *
78 3321 141 3392 mul
167 3317 263 3381 retiati
292 3325 360 3382 sint.
403 3321 533 3404 Accipio
556 3327 648 3403 igitur
675 3324 840 3404 psalmum,
873 3321 954 3400 quod
985 3321 1021 3380 sit

80 3426 222 3502 tauquam
245 3427 441 3508 epiphonema
470 3427 716 3511 superiorum2),
749 3425 860 3507 inquo
883 3434 1021 3509 precatur

72 3600 75 3605 ,
150 3549 183 3618 2)
205 3547 312 3602 iterium
328 3548 418 3603 uerbi.
489 3549 740 3617 3)'Psn1mnstrie
760 3557 805 3606 est
824 3557 954 3621 tanquam
969 3545 1020 3618 api·

81 3641 216 3712 phonesna
237 3643 472 3713 praecedentium.

166 3952 298 3988 *μ
