2190 4064
417 110 560 210 Psalmi
581 110 631 173 Li.
930 182 933 191 Ι
993 122 1037 185 η

38 230 176 325 'sersus
194 262 356 343 manifeste
366 227 504 337 ostendit,
520 282 589 323 cum
599 264 706 341 inquit:
730 258 920 337 ‚,Sccundum
935 271 1036 332 mniti-

53 364 211 425 tudinem
222 364 495 433 misericordiarum
506 367 626 424 tuarum
635 365 821 440 iniquitatem
831 387 927 428 meam
938 370 1033 430 dele.“

148 462 310 523 vocabulo
333 469 388 555 2]
400 466 528 522 utimtur
540 464 572 522 in
585 466 751 540 quantitate
759 465 889 528 discreta
898 475 928 529 et
940 473 1042 547 conti-¹

52 598 138 651 nna,
168 580 256 637 sicut
266 578 296 637 in
306 578 474 655 germanico
489 595 607 654 quoque
622 578 756 651 dicimus,
777 599 863 658 grass
873 581 963 653 Geld,
974 602 1030 661 pro

51 677 162 737 multa
186 679 220 734 et
242 670 565 762 numerosa'pecunia.
608 675 725 737 Deinde
753 680 929 739 vocabulum
950 687 1029 789 70st

52 794 155 852 etiarn
179 794 288 850 notum
311 794 365 860 est,
385 789 498 850 Paulus
520 808 610 869 saepe
622 791 805 851 beneficium
826 813 880 853 seu
900 785 1029 878 adapra-

53 894 146 955 σίαν
159 890 276 965 ‘vertit
297 895 332 949 ut
356 894 382 949 1.
403 888 484 948 Tim.
506 892 551 961 a,
578 893 631 949 ubi
653 894 746 952 serris
768 892 915 968 loquitur,
948 894 1028 970 quod

53 989 202 1050 debeant
224 988 326 1049 colera
353 987 440 1047 heros
475 1006 553 1047 suos.
594 989 688 1050 Addit
705 1011 832 1063 causam,
854 994 955 1069 '„quia,
984 996 1029 1052 in'·
1082 1042 1084 1049 .

54 1092 135 1167 quit,
162 1094 241 1149 sunt
261 1088 424 1167 participes
445 1087 578 1149 beneficii
600 1091 773 1170 evangelii.“
810 1092 1044 1169 Nonnunquam.

54 1192 154 1251 etiam
187 1188 379 1249 dilectionem
400 1190 497 1247 vertit.
550 1189 701 1269 interpres
720 1178 847 1270 graecus
859 1195 1026 1253 misericor-

54 1290 141 1350 diam
165 1288 265 1359 fecit,
285 1288 364 1349 sicut
392 1289 423 1345 in
443 1288 494 1347 illo
515 1286 580 1348 loco
611 1286 721 1349 O'seae:
772 1278 1025 1360 „Misericordiam

53 1389 125 1451 volo
147 1393 185 1449 et
205 1406 269 1446 non
297 1386 508 1458 sacrificium,“
539 1389 596 1448 hoc
618 1395 681 1460 est,
703 1395 738 1448 ut
760 1389 890 1468 diligatis
912 1396 1024 1463 mutuo,

56 1496 94 1549 ut
114 1487 319 1547 benefaciatis
340 1486 421 1558 aliis,
443 1492 474 1546 et
496 1489 539 1556 sic
560 1488 702 1547 hocloco
724 1490 829 1548 vertit:
861 1490 1023 1560 „Miserere

58 1574 121 1649 mei
140 1586 252 1658 Deus,
282 1587 444 1646 secundum
479 1605 617 1664 magnam
651 1588 882 1647 misericordiam
913 1595 1024 1648 tuam.“

59 1687 208 1748 Alterum
226 1686 404 1746 vocabulum
420 1675 503 1783 hri]
525 1685 678 1764 significat,
700 1688 875 1746 clementem
893 1690 1023 1748 animum
1042 1730 1048 1737 -
1087 1696 1090 1707 ⁴

63 1804 223 1874 induere,¹
241 1781 301 1859 non
321 1800 405 1878 {valle
430 1801 582 1879 respicere
609 1804 765 1878 peccatum
797 1800 935 1872 alterius,
967 1802 1022 1861 scd
1080 1812 1087 1868 J

60 1906 241 1985 ignoscere,
264 1880 420 1977 indulgere
441 1904 512 1971 etc,
541 1902 619 1960 sicut
639 1900 738 1959 inilia
759 1899 838 1960 loco:
879 1901 1021 1973 „Misere

60 2001 364 2070 borcuimiseroor‚“
384 2000 441 2060 hoc
462 2006 516 2073 est,
536 2001 699 2078 ignoscam,
721 2000 892 2060 condonabo
912 2012 1038 2081 pecca-'⁸

62 2114 135 2163 sam.
183 2098 258 2158 inde
285 2100 366 2158 venit
394 2094 499 2159 nomen
527 2103 670 2192 mm,
699 2100 779 2175 quod
806 2104 913 2162 noster·
928 2103 1020 2161 vertit

60 2215 297 2276 miserationem.
339 2211 424 2272 Haec
455 2216 501 2271 est
531 2196 660 2281 hebraea
690 2213 897 2292 grammatica,
930 2215 1019 2294 cnjus

61 2302 246 2377 admonendi
266 2316 338 2373 sunt
358 2313 563 2390 imperitiores.
610 2339 615 2349 “

143 2413 224 2472 Vide
244 2416 346 2477 autem
364 2411 434 2489 jam,
456 2431 544 2488 quam
564 2412 642 2471 belle
663 2410 736 2470 haec
758 2411 816 2471 duo
829 2411 927 2472 David
949 2433 1018 2473 con·

59 2516 184 2595 jungat,
212 2517 249 2571 ut
278 2510 509 2595 primum-Dans
535 2513 726 2584 misercatur,
759 2513 815 2571 hoc
836 2517 899 2584 est,
923 2516 1017 2592 gratis
1040 2566 1062 2601 Ι,

60 2615 147 2673 nobis
168 2612 325 2687 immeritis
353 2612 534 2682 benefaciat,
557 2611 665 2670 deinde
691 2617 726 2670 ut
747 2612 893 2692 largiatur
913 2615 1016 2674 remis-

60 2714 176 2773 sionem
196 2715 398 2792 peccatorum,
421 2729 509 2787 quam
530 2710 588 2769 fide
609 2710 770 2789 accipimus
791 2730 847 2791 per
868 2715 1015 2792 Spiritum

10 2826 13 2887 ζ
62 2816 210 2882 matum,
245 2814 277 2871 et
296 2810 521 2889 promissiones,
552 2811 636 2886 quia,
668 2811 724 2871 nisi
755 2814 848 2890 gratis
880 2814 1015 2891 ignoscat

10 2890 14 2991 i
62 2910 154 2983 Reus,
175 2909 262 2969 nulla
282 2910 460 2989 satisfactio,
481 2910 595 2969 nullum
617 2909 780 2969 remedium
800 2911 947 2988 reliquum
968 2920 1016 2973 est

63 3014 165 3073 nobia-
200 3010 266 3069 Non
296 3028 353 3089 per
378 3009 494 3087 jejunia
522 3014 637 3080 nostra,
671 3028 728 3069 non
759 3028 815 3088 per
835 3011 893 3070 alia
915 3032 1014 3092 opera,

63 3130 118 3171 ron
139 3128 200 3191 per
214 3108 349 3189 'angelos
368 3128 427 3183 nec
448 3107 539 3167 ullam
560 3108 648 3181 aliam
669 3115 836 3168 creatruam
850 3111 940 3183 salus,
960 3113 1015 3172 sed

62 3212 149 3272 unica
170 3208 254 3270 salus
274 3213 336 3279 est,
358 3207 517 3285 confugere
539 3208 578 3267 ad
597 3190 829 3269 misericordiam
837 3209 902 3283 Dei,
925 3231 1014 3289 quae-
1041 3191 1044 3194 ,

62 3330 127 3399 rere
147 3309 232 3390 apud
250 3308 347 3368 Deum
370 3307 546 3368 beneficium
566 3310 839 3386 etignoscentiam,
860 3330 898 3369 ne
918 3312 1014 3389 respi-

64 3510 177 3581 aireat,·
190 3514 224 3569 st
244 3507 410 3568 secundum
430 3502 662 3568 misericordiam
680 3511 710 3565 et
724 3509 928 3567 miserationes
942 3523 1013 3564 suas
1067 3562 1074 3575 ,

63 3412 119 3470 ciat
139 3410 180 3469 ad
203 3412 310 3469 nostra
327 3412 453 3487 peccata
472 3412 504 3467 et
524 3409 794 3486 transgressiones,
807 3410 871 3469 'scd
889 3413 925 3468 ut
945 3426 1014 3468 con·

64 3609 215 3673 nobiscum
234 3611 317 3688 agat
358 3604 426 3670 Hoc
456 3608 533 3668 enim
551 3608 618 3683 ¹nisi
646 3607 738 3673 faciat
757 3606 861 3685 Bous,
884 3624 950 3673 non
969 3622 1023 3671 su·
