2204 4058
94 226 171 301 ,m
289 228 292 233 '
430 196 825 295 Pru'slsotionsa‘

102 376 167 439 lieo
188 394 241 437 nos
267 376 403 447 excusat,
423 374 504 451 quod
524 392 702 452 quaeramus
723 396 828 458 pacem
849 378 1058 457 emlesiaruni,

103 498 191 557 quam
213 477 256 537 illi
277 474 365 557 piano
385 466 510 547 tollunt,
531 474 610 535 sicut
631 478 776 553 sequitur.

124 580 204 660 Ego
231 575 547 659 pompacificus,
578 574 647 635 sed
675 594 756 637 cnm
776 574 930 654 loquor,
950 580 1035 661 ipsi

417 674 727 753 belligerantur.
813 700 819 721 ι

75 822 78 827 ,
181 776 250 836 Hoc
269 780 316 835 est
335 774 532 834 conscientiae
552 793 636 834 meae
655 776 865 848 testimouium,
886 776 1055 853 quodsum

99 876 260 957 pacificus,
290 879 321 934 et
351 892 462 951 quaero
489 888 602 953 pacem.
645 874 731 935 Unde
758 875 850 954 igitur
878 879 989 939 turbae
1020 886 1054 941 et

71 1054 74 1059 Ι
98 974 210 1037 bellum
236 969 379 1051 hoct⁸⁰)
423 972 522 1033 Ama
542 973 676 1050 quidem,
704 973 758 1034 sed
778 976 841 1034 sine
861 994 928 1036 mea
947 978 1052 1059 culpa.

99 1078 133 1135 Si
155 1077 232 1136 enim
253 1094 308 1152 ego
328 1066 474 1144 tudetem,
506 1077 537 1132 et
557 1074 630 1133 istos
661 1077 888 1155 perturbatores
908 1075 1052 1150 sinentem,

98 1180 189 1256 prout
209 1174 300 1245 libet,
322 1172 403 1249 loqui
424 1176 454 1231 et
475 1190 563 1251 agero
584 1175 695 1246 omnia,
724 1180 858 1235 maneret
877 1193 951 1255 pax,
974 1177 1080 1239 nibil..

98 1280 203 1336 contra
224 1294 270 1333 me
300 1276 460 1335 mouerent.
502 1272 564 1331 Sed
584 1273 729 1349 quomodo
757 1292 915 1354 possumus
936 1280 1050 1351 lacera,

98 1395 176 1453 quaa
196 1373 332 1443 vidimus,
352 1390 430 1449 quae
450 1370 630 1443 audivimus,
651 1392 728 1449 quae
749 1372 876 1449 deniqne
894 1374 975 1451 jussi
997 1396 1056 1437 sn-.

96 1494 163 1534 mus
185 1472 376 1553 praedicare,
399 1488 457 1530 non
478 1472 509 1528 in
529 1471 689 1543 cubilibus,
711 1472 764 1532 sed
786 1475 817 1531 ia
837 1475 949 1535 tectisl
994 1478 1048 1538 Sic

97 1577 174 1635 onim
196 1573 267 1632 dicit
288 1572 441 1631 Christum
482 1570 552 1642 ‚,lte‚
573 1572 745 1655 praedicate
771 1573 943 1652 evangelion
964 1577 1048 1636 omni

96 1678 280 1745 creaturae,“
301 1673 388 1731 isene
428 1671 539 1741 „Nomo'
558 1673 713 1732 abscondit
733 1661 832 1731 lumen
853 1675 962 1733 subter
982 1694 1048 1735 mo-

95 1774 204 1837 ιῑῑιιιιι.α
246 1770 332 1829 Haec
362 1770 492 1842 iaciunt,
524 1774 559 1829 nt
584 1772 765 1831 verbum’io
795 1776 897 1832 nostro
928 1778 1046 1837 ora.sit
1084 1848 1087 1855 Ι

95 1892 151 1934 ceu
171 1873 282 1950 ignitus
303 1870 400 1939 carbo,
423 1871 473 1945 qui
494 1888 553 1928 non
565 1874 674 1949 -potest
694 1872 806 1943 teneri,
827 1871 882 1931 sed
898 1874 983 1952 cogit
1002 1876 1044 1935 ad

93 1970 287 2052 aperiendum
315 1987 356 2027 os
398 1968 477 2028 Hinc
504 1964 607 2047 'igitur
648 1969 717 2028 illae
758 1973 866 2031 turbae
893 1973 1042 2049 oriuntur,

93 2071 173 2148 quod
194 2069 303 2129 tollunt
322 2068 495 2127 mandatum
515 2067 579 2138 Dei,
601 2072 631 2127 et
651 2089 704 2129 nos
724 2074 825 2130 tacere
841 2071 953 2131 volunt.
977 2074 1043 2135 Sed

92 2189 147 2230 cur
168 2170 225 2249 ipsi
255 2188 314 2227 non
341 2168 441 2247 potius
470 2162 636 2243 sequuntur
663 2169 785 2229 nostrai
828 2170 876 2230 Sit
894 2170 990 2249 igitur
1008 2174 1043 2233 in

91 2270 146 2331 tali
166 2268 300 2350 periculo
329 2268 404 2327 haec
424 2272 526 2326 nostro
549 2267 725 2339 consolatio,
756 2270 837 2345 qnod
857 2288 961 2329 sumus
984 2290 1043 2351 pa-

91 2369 175 2443 nifici,
197 2369 254 2429 etsi
273 2369 347 2449 ipsis
391 2368 574 2427 occasionem
600 2369 756 2426 turbarum
783 2369 901 2429 dedisse
919 2369 1041 2448 judico-

89 2489 165 2529 mur.
207 2470 273 2529 Non
303 2467 389 2528 lacile
421 2471 469 2528 est·
488 2484 632 2545 superare
652 2466 793 2527 scandala
812 2468 872 2541 illo,
893 2488 961 2537 cnm
984 2476 1040 2531 aut

90 2571 183 2629 Satan
205 2576 257 2628 aut
278 2568 427 2646 sapientes
448 2566 579 2626 hominos
600 2586 637 2625 ea
654 2570 840 2647 exaggerant,
862 2573 892 2627 et
913 2587 1039 2631 causam

88 2666 119 2725 in
140 2686 195 2726 nos
217 2668 362 2744 rejiciunt,
385 2666 465 2743 quod
485 2685 540 2727 nos
561 2686 597 2727 ea
608 2668 829 2727 excitaverimus
849 2668 1037 2746 pertinacius

87 2766 261 2837 resistendo,
284 2765 447 2825 cedendum
468 2765 560 2825 tuisse
579 2768 688 2846 potius,
711 2786 798 2842 quam
822 2771 857 2825 ut
879 2768 923 2827 sic
942 2772 1036 2829 animi
1075 2846 1079 2855 .

87 2870 354 2939 exacerbarentur,
383 2865 461 2925 siout
481 2864 624 2925 Erasmus
655 2868 686 2923 in
707 2865 834 2925 diatriba
854 2884 909 2927 sua
929 2866 1037 2949 dispu-

60 2990 65 3001 ¹
86 2970 140 3037 tat,
163 2986 229 3026 esse
250 2964 409 3045 plerosque
429 2965 562 3036 morbos,
584 2983 657 3041 quos
678 2970 814 3044 praestat
835 2967 951 3026 omnino
973 2986 1036 3029 non

49 3777 76 3816 h

85 3069 225 3145 tangere,
256 3084 344 3142 quom
366 3083 432 3124 cum
453 3068 536 3123 tanto
556 3065 688 3143 periculo
709 3066 883 3125 medicinam
903 3068 1033 3128 tentate.

85 3165 165 3223 Sunt
184 3164 259 3224 haec
279 3165 430 3243 supienter
451 3163 545 3234 dicta,
572 3168 685 3223 et'nos
716 3166 774 3244 ipsi
800 3165 934 3224 videmus
955 3168 1033 3228 satis
1075 3234 1078 3239 ,

85 3264 269 3323 incommodo
295 3264 399 3323 talium
431 3262 651 3335 scandalorum,
689 3264 821 3323 videmus
847 3269 1032 3327 contemtum

84 3365 290 3443 gravissimum
317 3365 417 3434 serbi,
445 3362 578 3422 videmus
605 3364 754 3423 licentium
786 3358 831 3423 et¹
852 3363 1032 3444 disciplinas

83 3461 322 3534 dissolutionem,
353 3478 431 3539 quaa
461 3464 518 3544 sub
538 3468 654 3542 papatu
673 3468 759 3522 tanta
777 3480 836 3521 non
856 3464 922 3524 fuit.
964 3466 1032 3527 Sed

83 3564 155 3640 quid
177 3564 236 3623 ista
256 3562 292 3623 ad
314 3563 390 3623 nosl
432 3562 522 3629 Quod
542 3565 617 3623 enim
639 3563 794 3640 loquimur,
815 3564 896 3640 qnod
910 3582 1032 3644 pugna·

80 3651 273 3667 fiu-——n--n

134 3676 186 3747 aa)
207 3675 287 3736 linae
305 3678 345 3732 sit
361 3692 429 3732 rora
446 3692 534 3733 causa
552 3677 689 3734 turbaru-
708 3678 736 3731 io
754 3678 889 3735 ecclesia.
