2190 4064
119 194 192 269 ’254
374 142 381 167 x
443 203 750 267 Praeieeiieaes

129 356 229 417 studia
249 355 360 433 cogitat
387 354 498 423 mederi
526 357 604 417 vittis
628 358 794 430 homiuum,
821 358 907 421 videt
933 360 1060 439 mlum·

129 460 245 536 partem
265 458 359 533 inagis
380 456 497 515 irritari.
540 456 612 515 Pius
632 460 834 537 magistratus,
855 478 926 521 eum
947 460 1049 523 officim
1086 501 1088 504 <

130 575 216 617 suum
236 574 349 614 summa
368 555 520 633 diligentia
540 556 627 627 tacit,
654 558 778 628 invenit,
807 559 865 635 qui
881 559 1007 621 studiose
1026 574 1050 619 u
1079 588 1080 600 κ

44 642 47 647 ’
131 658 297 735 opponant,
326 660 356 714 et
382 656 528 714 diversum
557 655 724 716 moliantur.
768 658 820 716 Sis
849 660 880 717 in
908 658 1049 721 nummis
1078 684 1087 706 ²

130 754 248 814 accidit:
270 758 385 831 quoties
407 754 515 817 faliunt
537 756 664 825 servitia,
686 760 1050 837 quaetuputarussum

128 854 188 915 tide
209 846 490 914 iacturu'offieiumt
520 854 604 915 Haec
625 874 692 915 eum
713 857 909 934 experiuntur
935 858 1049 927 huniae

133 955 321 1014 concitantur
348 955 387 1014 ad
408 955 537 1015 iurarem
572 959 602 1015 et
631 954 853 1033 impatientiam.
896 956 958 1021 uui
981 954 1050 1017 aede
1077 960 1090 1008 t

117 1055 189 1113 sias
220 1054 321 1125 docet,
351 1054 462 1133 cogitat
490 1054 528 1113 de
548 1055 605 1113 atie
628 1055 704 1114 vitae
732 1073 857 1132 genere,
883 1056 1049 1135 magistratu
1086 1098 1088 1108 s

52 1142 54 1147 ⁵
129 1156 161 1213 in
194 1158 278 1212 tanta
315 1153 489 1214 difficultate
526 1172 639 1213 omnem
669 1141 771 1213 euram
800 1155 982 1235 reipublicae
1004 1152 1049 1215 mi
1081 1187 1082 1190 ¹

130 1255 273 1330 abjicere,
306 1273 481 1313 oeconomus
509 1254 611 1313 laudat
631 1254 840 1313 monachorum
860 1255 968 1327 vitam,
992 1270 1049 1331 qun
1083 1291 1090 1310 1

128 1354 182 1412 tati
217 1354 352 1413 molestia
381 1372 483 1413 essere
516 1353 649 1423 uidetur,
682 1352 797 1429 qualem
826 1350 1049 1429 susannam
1078 1356 1093 1418 t

127 1472 263 1526 sanorem,
300 1453 424 1526 liberos,
455 1452 593 1512 familiam
632 1452 725 1512 alunt.
776 1452 863 1513 Haec
889 1452 1049 1535 impatiente
1078 1470 1093 1516 u

129 1555 282 1613 nobiseum
302 1554 389 1630 quasi
409 1555 560 1624 nascitur,
589 1557 620 1613 et
648 1558 746 1612 tamen
775 1571 834 1612 uon
861 1559 964 1633 potest
981 1552 1048 1613 atas
1078 1570 1093 1638 ¹1

128 1654 200 1714 fieri.
242 1653 395 1714 Habemus
417 1656 494 1713 enim
515 1654 629 1712 hostem
659 1654 813 1723 Seianam,
840 1653 869 1711 is
900 1672 995 1731 neque
1017 1650 1054 1713 a,
1079 1652 1093 1719 is

129 1774 162 1813 es
183 1773 285 1830 neque.
300 1759 401 1813 nectes
424 1759 521 1814 cessat
543 1754 687 1814 seminare
707 1754 738 1810 in
758 1751 885 1811 eeclesia
906 1750 1049 1814 dieamus
1079 1760 1089 1813 i

128 1858 159 1913 st
178 1870 286 1932 pravas
315 1855 480 1932 opiniones,
508 1855 538 1912 in
565 1849 669 1933 politia
691 1849 900 1913 'inobedientes
934 1857 965 1913 et
990 1846 1049 1911 ait

126 1954 217 2011 tiosos
249 1952 343 2024 aives,
375 1953 406 2010 iu
439 1954 607 2013 oeconomia
636 1950 834 2029 negligentem
864 1956 896 2012 et
927 1948 1048 2031 perfidu
1080 1956 1093 2017 'i

126 2050 274 2112 familiam.
1080 2068 1093 2127 p

207 2149 266 2209 Hie
286 2149 377 2227 igitur
398 2165 464 2205 eum
485 2146 597 2206 Davide
627 2148 794 2210 adhibenda
822 2154 889 2211 erat
916 2148 1048 2231 patientta
1081 2170 1093 2227 μ

128 2254 158 2310 et
179 2267 236 2308 nen
257 2247 472 2327 respiciendum
495 2246 533 2306 ad
556 2248 695 2326 majorem
715 2255 839 2328 partem,
862 2262 1047 2327 quaesempu

126 2349 205 2410 mala
227 2356 287 2421 est,
315 2347 369 2408 sed
389 2347 429 2407 ad
448 2346 555 2407 iratres
576 2353 607 2408 et
626 2350 783 2427 proximos.
832 2351 884 2410 Sie
904 2348 1046 2411 Psalmi
1081 2372 1093 2415 ι

126 2450 165 2512 ad
186 2450 374 2509 Timotheum
395 2453 423 2510 2.
446 2448 530 2509 dicit:
550 2447 672 2519 „Omnia
692 2449 822 2509 sustineo
844 2454 876 2509 et
895 2450 959 2509 sera
977 2462 1047 2529 prop·
1081 2466 1092 2511 i

126 2554 174 2611 ter
208 2549 346 2608 electas.“
385 2547 426 2607 Hi
455 2550 531 2608 enim
559 2549 614 2607 nisi
643 2553 756 2617 essent,
785 2548 852 2624 quis
883 2550 914 2608 tu
943 2544 1047 2609 seclusit
1082 2570 1093 2625 ῃ

127 2649 234 2708 docere
255 2649 401 2726 eupesett
430 2647 493 2707 ilos
520 2653 617 2708 autem
639 2651 778 2724 tanquam
800 2667 932 2726 gemmas
956 2644 1047 2729 sparsit
1082 2672 1093 2713 t

127 2747 262 2808 dominus
283 2747 312 2804 in
332 2747 593 2826 profundissimum
615 2748 718 2807 lutum.
761 2748 865 2823 ltaque
880 2767 939 2808 nou
955 2746 1046 2827 cogita
1086 2754 1089 2765 '

127 2852 157 2906 te
185 2847 306 2925 gemmis
328 2850 444 2905 tantum
464 2846 539 2904 velle
560 2849 752 2925 praedicare,
773 2846 851 2924 quod
875 2848 992 2924 quidem
1009 2860 1048 2923 tp·
1084 2901 1095 2973 Ι

125 2947 216 3005 tabite
240 2948 327 3005 esset.
370 2944 430 3003 Sed
451 2945 525 3003 ratio
547 2945 578 3003 id
598 2965 656 3005 non
676 2947 748 3017 fert,
779 2965 846 3006 cum
874 2967 928 3007 eae
949 2942 1049 3008 siuti!

126 3043 222 3102 medio
243 3044 305 3103 luto
326 3045 449 3121 positae.
492 3043 542 3102 Sic
563 3063 630 3103 eum
651 3048 767 3123 positus
792 3046 832 3105 sis
858 3048 889 3105 in
910 3048 1052 3127 magistu·

124 3146 189 3201 tum
210 3142 340 3212 civitem,
370 3143 400 3203 in
422 3160 623 3213 oeconomum,
651 3143 707 3202 hoe
727 3146 853 3223 primum
874 3148 987 3225 cogita,
1005 3158 1053 3205 mu

125 3241 274 3311 futurum,
310 3246 344 3300 ut
372 3242 467 3301 omnia
498 3239 557 3299 sint
577 3259 724 3318 gemmae,
756 3263 878 3318 aurum,
900 3250 1054 3325 argentum

128 3341 208 3399 Satis
229 3342 282 3399 tibi
303 3342 355 3411 sit,
378 3359 451 3411 eum,
474 3341 550 3398 sieut
571 3342 600 3398 in
620 3341 725 3400 tudinis
747 3343 836 3414 solet,
864 3362 957 3405 unam
977 3360 1058 3407 veuu·

126 3440 186 3499 lam
207 3440 321 3517 argenti
350 3441 380 3497 in
407 3442 469 3502 toto
499 3444 598 3499 mente
626 3442 785 3518 conspicis,
817 3444 891 3503 satis
913 3446 969 3517 sit,
1000 3460 1061 3505 eu!

127 3558 218 3602 unum
240 3542 271 3597 et
298 3537 421 3597 alteram
449 3538 624 3621 gemmulam
655 3539 766 3600 invenis
795 3542 826 3603 in
858 3544 988 3604 maxima
1011 3540 1062 3603 lutt
1091 3568 1093 3577 ·

129 3638 229 3701 mole·
255 3637 352 3716 Major
372 3638 449 3699 entm
468 3654 539 3716 pars
559 3638 590 3698 iu
618 3637 743 3698 ecclesia
770 3657 888 3719 semper
917 3642 1066 3705 nunties

304 3964 623 3994 ..n-n..-
