2190 4064
84 213 125 288 it·
259 211 317 299 ’ἦ
374 216 379 225 ’
425 206 645 295 Enarratio,

81 370 206 449 conjuge
227 389 285 441 non
306 371 428 444 viderat,
450 372 504 449 sed
523 376 614 435 vellet
634 348 863 452 adhucsadetos
881 357 1026 457 damaris

76 474 154 547 juris
176 491 210 531 sc
228 469 364 564 Jaatitide
385 475 488 533 videri.
531 474 597 537 iioc
618 497 689 538 vero
711 485 758 539 est
778 480 933 558 duplicare
953 502 1026 564 pee-

79 576 189 635 catum.
230 572 345 635 Deinde
372 590 431 632 nou
451 573 541 635 Uriae
569 577 663 641 solum
679 578 813 658 indigna
839 558 948 650 caedes
967 560 1044 665 per.

61 672 176 750 'ipsum
196 673 341 757 adornata
364 678 417 744 est,
439 676 493 737 sed
512 662 738 755 perieruntali'i
762 660 922 752 israelitae,
943 672 1052 752 blas-3

76 766 237 852 plasmatur
257 788 364 833 nomen
385 774 507 847 domini,
537 758 569 857 et
588 778 633 836 sic
651 777 733 857 ultra
753 772 890 855 quintum
906 784 938 840 el
955 772 1047 843 sex?

27 919 30 924 .
52 908 54 913 -
76 875 141 930 tum
161 878 354 962 praeceptam
365 891 542 953 progressus
561 878 649 937 etiam
660 864 690 935 in
700 873 837 957 primurn,
857 876 1023 943 seeundum

76 975 110 1031 ιι
128 973 248 1033 tertium
269 978 461 1052 praecaptum
482 978 626 1055 peccavit,
646 997 701 1036 nec
723 981 862 1053 quartum
876 982 1024 1060 praecepff

76 1075 141 1131 ium
156 1072 204 1131 de·
219 1071 313 1133 officio
335 1091 407 1151 erga
434 1081 575 1163 parentes
602 1079 749 1137 omisisset
777 1074 970 1155 inviolatumr
995 1083 1022 1141 si

76 1172 240 1233 obstitisset
262 1173 384 1263 cupito
384 1159 538 1246 adulterio,
560 1181 590 1239 et
610 1197 682 1236 sane
702 1175 1022 1266 blasphemiaepec‘ca-

74 1276 138 1331 tom
157 1271 242 1332 lions
261 1250 463 1369 peculiariter
474 1277 501 1334 ei
522 1277 669 1355 objicio,
671 1277 732 1348 ,Tu
751 1278 847 1336 fecisti
867 1276 1022 1338 filiosAm-
1036 1340 1041 1351 ,

73 1390 144 1450 moa
162 1371 396 1451 ιιιιιριιιιιιιιιι.κ
414 1372 510 1434 Nam
532 1395 566 1435 ιι
587 1375 672 1436 clade
693 1377 739 1437 sui
760 1376 864 1455 populi
884 1379 1019 1456 gentium

73 1474 163 1555 animi
192 1472 263 1531 elati
279 1473 362 1533 suat
390 1481 496 1533 contra
514 1476 663 1554 populum
679 1483 711 1537 et
730 1475 826 1535 Deum
846 1476 955 1547 lsrael,
983 1484 1020 1538 ut

67 1556 251 1645 effluerent,
278 1572 376 1632 Deum
395 1573 581 1634 lsraelnihil
601 1594 681 1648 esse,
710 1575 806 1635 Deum
826 1574 929 1635 autem
947 1575 1019 1637 Am-

72 1677 251 1742 moniiaram
273 1673 443 1735 esselieum
474 1693 510 1734 ac
529 1677 655 1736 vincere.
683 1675 764 1753 Ergo
778 1672 902 1754 insigne¹
922 1696 1019 1740 exem-
1044 1698 1048 1703 ·

73 1776 158 1856 plum
178 1780 224 1853 eet
238 1774 344 1845 David,
362 1777 406 1834 sic
419 1777 544 1835 ordine
536 1796 565 1835 ιιι
575 1780 680 1835 totum
690 1770 865 1854 decalogum
877 1775 971 1849 iere
962 1795 1017 1837 ιιιι-
1022 1768 1047 1829 .·’

71 1880 235 1979 pingendo
219 1875 357 1937 tamen
367 1879 494 1953 peccata
503 1876 810 1953 istanonsgnovrsset,
822 1876 1028 1937 ursivemsset‘

72 1942 197 2073 Nathan
217 1974 274 2041 sed
293 1974 520 2039 volebatadhuo
532 1975 635 2051 justus
657 1979 687 2033 ai
708 1976 1016 2043 sanetusrexhaberi.

128 2075 202 2136 dd
222 2075 302 2133 hunc
322 2074 441 2133 modum
463 2064 644 2164 explicatum
666 2078 832 2152 peccatum
844 2073 948 2134 David
969 2093 1027 2135 so·

72 2177 113 2237 tis
132 2175 252 2235 illustre
281 2175 395 2253 gratiae
424 2177 468 2232 et
466 2175 589 2268 peccati
611 2173 776 2252 exemplum
797 2178 859 2244 est,
888 2193 932 2232 ac
944 2193 1017 2234 sane

71 2277 127 2335 uisi
150 2292 254 2335 sacrae
273 2273 379 2332 literae
398 2273 475 2350 hanc
496 2273 648 2334 historiam
660 2273 870 2352 prodidissent,
883 2275 1017 2350 quisuu-
1042 2330 1051 2343 κ

72 2394 161 2452 quam
182 2374 333 2443 crederet,
354 2364 462 2431 virum
469 2378 531 2432 tam
552 2378 687 2432 sanctum
709 2391 743 2432 eo
764 2392 860 2449 usque
880 2375 1018 2452 potuisse

70 2474 212 2554 prolabil
253 2473 339 2532 instit
302 2476 426 2532 ttuerat
413 2473 564 2532 tcultum
592 2473 777 2533 tabernaculi
807 2491 922 2561 summa
942 2491 1016 2533 cura

69 2575 291 2654 perspiritum
312 2566 457 2642 sanctum,
478 2576 600 2632 auxerat
624 2571 738 2631 cultum
759 2571 842 2631 illum
863 2554 1016 2633 sanctissi

69 2675 126 2733 mis
147 2674 340 2745 carminibus,
339 2673 534 2752 gravissima
554 2670 633 2732 bella
655 2690 721 2730 cum
743 2672 852 2749 insigni
873 2658 1027 2730 felicitate

70 2777 220 2852 gesserat,
251 2772 333 2831 Deus
356 2792 423 2831 anm
443 2773 653 2851 pronuntiarat
675 2762 802 2841 eleetdm
821 2772 918 2829 virum
939 2790 1015 2843 asse,

69 2874 199 2933 habebat
218 2871 448 2931 illustrissimam
468 2873 692 2958 promissionem
714 2870 751 2945 de
772 2859 873 2930 futuro
894 2872 1014 2951 semine,

69 2992 125 3033 seu
146 2973 183 3031 de
192 2972 329 3041 Christo
342 2988 428 3048 quem
449 2971 614 3051 prophetae
634 2970 725 3029 filium
734 2960 863 3040 Davidis,
885 2971 955 3029 rtem
967 2988 1015 3029 re

68 3091 142 3163 gem
149 3071 247 3131 David
267 3071 466 3151 appellarunt
496 3070 577 3136 auio
593 3070 714 3129 multis?
735 3069 930 3134 Nullaoausa
943 3069 1028 3167 tingi.

66 3153 182 3252 potest,
212 3189 268 3230 cur
288 3189 345 3230 non
366 3190 432 3231 cum
453 3171 535 3231 Mose
557 3175 588 3230 et
609 3190 676 3231 cum
698 3169 867 3229 Samuele
854 3187 923 3245 Jure
945 3187 1015 3228 eon-

65 3272 139 3333 serri
161 3271 265 3350 possit,
288 3275 318 3347 et
338 3275 435 3330 tamen
458 3273 503 3331 vir
517 3256 761 3350 tantusprolabit
761 3285 799 3327 ur
748 3269 1013 3328 tuoninunum

68 3371 132 3430 leve
152 3374 317 3455 peccatum,
339 3371 420 3430 sed
414 3392 443 3429 ιιι
463 3375 595 3431 monstra
615 3371 744 3448 plurium
766 3371 873 3446 peccat
874 3386 958 3426 orum
975 3369 1014 3427 si-

67 3469 138 3541 mul,
159 3474 190 3529 et
211 3470 291 3545 quod
310 3459 591 3549 periculosissimum
605 3473 659 3540 est,
681 3466 868 3546 prolabitur
861 3486 889 3525 m
904 3469 1014 3546 impoe-

67 3550 221 3629 nitentiam
242 3574 272 3628 et
292 3569 382 3629 altam
403 3572 600 3640 securitatem,
622 3566 696 3658 adeo
713 3572 759 3638 ιιι,
781 3566 932 3626 eiNathan
954 3585 1013 3624 non

67 3671 209 3741 venisset,
239 3669 334 3730 [iavid
364 3669 439 3731 torte
460 3669 645 3750 peccasset'
637 3653 667 3725 m
696 3667 842 3746 Spiritum
865 3669 1012 3725 sanctum.

145 3932 150 3945 Ι
