2204 4058
104 262 161 321 tto
417 233 419 237 ¹
460 238 671 333 ¹Epistola

101 415 246 471 bonarum
276 408 383 469 artium
429 414 458 467 et
496 409 645 465 variarum·
678 406 845 485 linguarum
880 410 1049 488 cognitione

103 513 192 572 ctiam
224 528 314 568 verse
339 506 486 584 religionis
519 506 650 565 studium
687 506 877 583 conjunxisti,
909 527 945 568 ec
976 516 1048 570 tuae

102 608 286 671 celsitudinis
323 623 413 685 opera
450 606 637 684 potissimum
670 607 873 677 factumest,
904 600 940 667 ut
975 616 1047 669 ente

101 729 194 777 annos
215 728 266 766 ser
287 706 471 783 quantumvis
494 704 661 764 difficilibus
682 706 865 783 temporibus
903 728 976 769 vera
997 730 1046 769 ec.

102 809 258 869 clesierum
279 805 451 869 ¹emendatio
485 807 516 863 in
547 810 647 863 restra
677 805 792 864 ditione
830 809 1046 886 susciperetur.

98 908 166 968 lion
187 900 391 989 κατόρθωμα
413 924 477 963 cum
506 906 635 966 animum
661 892 922 985 meum'singulari
945 924 1047 967 amore

101 994 175 1085 erga
194 1006 263 1068 cels.
285 1010 306 1064 t
336 1004 534 1089 accendisset,
570 1026 694 1085 magnus
721 1005 884 1086 postee'ed
906 1024 975 1065 eum
996 1008 1048 1067 ac'e

101 1108 192 1167 cessit
211 1104 361 1173 cumulus,
391 1123 456 1165 cun
477 1109 508 1163 et
529 1106 660 1166 eruditos
682 1114 833 1166 sermones
849 1110 1046 1165 set-‘summam

101 1225 214 1266 morum
244 1205 417 1263 suavitatem
436 1205 559 1282 propius
587 1210 763 1284 cognoscere
781 1190 901 1265 ·li'cult.³=
915 1208 1045 1266 Praedi-

102 1310 221 1367 caverat
241 1305 316 1362 baec
343 1304 424 1371 mitri¹
447 1322 536 1381 saepo
556 1306 609 1391 air·¹
622 1306 812 1383 gravissimus
830 1304 1059 1385 M;=·Georgiue'

38 1396 44 1408 ¹
101 1406 224 1475 liebus,
247 1404 333 1481 cnjus
354 1421 501 1463 sermones
532 1404 589 1463 etsi
611 1424 759 1483 nunquam
780 1406 974 1484 potestesse
988 1405 1048 1465 ial'e

102 1526 159 1577 sos,
179 1494 275 1564 tamen
292 1505 452 1582 superabat
467 1505 563 1562 omnia
577 1506 736 1585 singularis
749 1496 964 1576 beneiole'ntiaj
979 1512 1058 1589 ‘qua'

101 1627 148 1665 me
170 1597 349 1680 etreliquos
371 1606 491 1675 amicos,
520 1606 570 1681 qui
591 1592 784 1665 in'comitatu
811 1612 1042 1685 praeceptorum

101 1710 276 1774 nostrorum,
298 1703 334 1763 D.
345 1703 468 1763 liutheri
489 1708 520 1763 et
532 1704 669 1784 Philippi,
691 1705 803 1765 Dessae
826 1724 943 1767 eramus
965 1724 1045 1767 cour-
1094 1774 1099 1793 ,

100 1806 204 1886 plexus
227 1825 267 1862 cs.
309 1804 342 1861 ln
370 1804 488 1879 reliquis
516 1806 672 1877 iratribus,
693 1806 808 1865 Joanne
831 1811 861 1865 et
880 1806 1044 1879 Joachimq

100 1906 283 1985 principibus
312 1903 529 1975 illustrissimis,
543 1907 700 1963 ..mirabar
715 1906 1047 1984 latinum5tqeunpnem3

100 2009 131 2064 in
152 2005 220 2063 aula
241 2006 335 2061 minus
356 2004 504 2074 usitatum,
525 2004 713 2062 historiarum
735 2006 861 2063 omnium
889 2005 1046 2064 abundan-

102 2112 161 2164 tem
191 2104 401 2179 cognitionem,
424 2107 452 2161 et
473 2122 614 2160 summam
637 2107 803 2165 castitatem
822 2084 960 2175 urorum}
977 2106 1043 2165 siue

101 2205 178 2263 omni
200 2203 296 2261 aulica
316 2203 471 2263 ambitione
492 2208 522 2261 ct
543 2203 719 2262 luxuomni.
761 2204 847 2263 Haec
868 2220 944 2264 enm*
967 2204 1041 2264 cels.

101 2310 122 2365 t.
151 2322 218 2363 curn
246 2302 388 2360 iratribus
415 2302 577 2369 communia
611 2303 747 2374 haberet,
776 2323 889 2363 omnem
911 2304 1042 2363 admira-

100 2407 208 2465 tionem
245 2400 419 2480 superabnt,
441 2401 527 2481 quod,
556 2402 699 2479 quidquid
729 2405 760 2461 in
790 2404 883 2461 reteri
916 2403 1044 2471 ecclesia

84 2508 242 2583 scriptum
264 2506 367 2561 exstat
387 2504 444 2561 hoc
460 2492 556 2561 totum
587 2502 672 2561 iacile
707 2505 799 2562 oratio
821 2500 997 2561 ostendebat
1025 2522 1045 2562 a

99 2612 130 2664 te
157 2603 377 2679 diligentissime
419 2620 483 2660 esse
506 2596 621 2661 lectum
658 2606 688 2661 et
720 2605 877 2681 cognitum.
925 2600 1043 2663 Deinde

99 2704 305 2770 hebraicarum
337 2699 488 2761 literarum
527 2706 588 2759 tarn
623 2705 754 2761 exactem
786 2690 981 2781 cognitionem
1003 2702 1042 2759 in

99 2804 247 2882 principe,
277 2802 342 2875 quis
369 2819 426 2859 non
448 2801 630 2859 admireturi
672 2802 792 2860 Habent
812 2803 911 2877 ltaque
932 2792 1042 2878 reliqui

98 2921 219 2980 magnos
241 2899 357 2968 titulos,
380 2898 458 2976 qnod
489 2901 549 2958 sint
578 2903 736 2978 primates,
766 2903 827 2959 neti
855 2900 962 2980 legati,
981 2902 1043 2961 'arss

99 3000 294 3079 chicpiscopi,
341 2999 506 3058 cardinales
537 3001 640 3058 ctiam:
682 2999 735 3059 sed
765 3000 937 3079 quaesere
979 3000 1042 3079 epi·
1090 3005 1097 3017 ‘

98 3097 220 3178 scopu'm
240 3100 357 3171 decent,
381 3103 411 3157 et
432 3100 461 3156 in
481 3103 512 3157 to
532 3101 635 3159 merito
657 3118 756 3159 omnes
776 3100 818 3179 pii
839 3098 1040 3167 admirantur:
1088 3090 1092 3097 ’

99 3200 333 3277 quotusquisque
354 3206 409 3268 est,
431 3200 480 3273 qui
501 3198 621 3258 tenenti
640 3198 901 3277 Habentipsornni
923 3182 1052 3261 'scholae-

98 3298 156 3358 alia
177 3299 328 3368 exercitia,
351 3301 381 3357 ct
402 3303 480 3356 artes
502 3296 590 3369 alias,
612 3297 650 3357 de
671 3299 778 3374 q‘uibus
799 3298 873 3357 nibil
895 3304 941 3358 est
964 3316 1041 3378 opus

98 3399 205 3457 dicere.
225 3430 228 3435 ·
247 3398 366 3456 Patiare
386 3398 477 3475 igitur
498 3399 637 3476 princeps
667 3398 875 3468 illustrissime,
888 3383 968 3479 'tes
989 3415 1040 3454 no-

97 3499 142 3557 bis
158 3499 247 3556 emari
258 3500 382 3577 propter
403 3490 530 3555 virtutes
548 3501 615 3555 tues
634 3490 703 3555 vere
720 3496 868 3579 heroicas,¹
884 3494 915 3557 et
927 3494 1040 3572 dignis-

97 3601 184 3658 simas
196 3600 272 3657 bono
279 3598 412 3677 principe
421 3599 452 3655 et
462 3601 565 3665 sancto
580 3599 727 3679 episcopo,
738 3598 891 3674 atqueboc
899 3596 1040 3673 exiguum

91 3714 203 3757 munus
216 3716 250 3763 eo
265 3700 360 3757 animo
373 3697 489 3776 accipe,
511 3714 570 3773 qun
584 3714 610 3755 a
625 3714 672 3756 me
686 3698 826 3783 mittitur.
841 3695 1041 3789 'tlirperimur
