<?xml version="1.0" encoding="UTF-8"?>
<!DOCTYPE html PUBLIC "-//W3C//DTD XHTML 1.0 Transitional//EN"
    "http://www.w3.org/TR/xhtml1/DTD/xhtml1-transitional.dtd">
<html xmlns="http://www.w3.org/1999/xhtml" xml:lang="en" lang="en">
 <head>
  <title>
</title>
<meta http-equiv="Content-Type" content="text/html;charset=utf-8" />
  <meta name='ocr-system' content='tesseract 3.04.00' />
  <meta name='ocr-capabilities' content='ocr_page ocr_carea ocr_par ocr_line ocrx_word'/>
</head>
<body>
  <div class='ocr_page' id='page_1' title='image "./exegeticaoperal04luthgoog_0131.png"; bbox 0 0 2190 4064; ppageno 0'>
   <div class='ocr_carea' id='block_1_1' title="bbox 117 208 703 294">
    <p class='ocr_par' dir='ltr' id='par_1_1' title="bbox 117 208 703 294">
     <span class='ocr_line' id='line_1_1' title="bbox 117 208 703 294; baseline -0.009 -11"><span class='ocrx_word' id='word_1_1' title='bbox 117 222 176 283; x_wconf 67' lang='lat'>12!</span> <span class='ocrx_word' id='word_1_2' title='bbox 267 288 270 294; x_wconf 56' lang='grc'>,</span> <span class='ocrx_word' id='word_1_3' title='bbox 489 208 703 280; x_wconf 76' lang='lat' dir='ltr'>Enarratie</span> 
     </span>
    </p>
   </div>
   <div class='ocr_carea' id='block_1_2' title="bbox 4 369 1069 2058">
    <p class='ocr_par' dir='ltr' id='par_1_2' title="bbox 4 369 1069 2058">
     <span class='ocr_line' id='line_1_2' title="bbox 4 369 1067 459; baseline 0.003 -28"><span class='ocrx_word' id='word_1_4' title='bbox 4 435 9 459; x_wconf 29' lang='grc' dir='ltr'>,Ι</span> <span class='ocrx_word' id='word_1_5' title='bbox 97 370 255 433; x_wconf 66' lang='lat' dir='ltr'>manente</span> <span class='ocrx_word' id='word_1_6' title='bbox 269 371 352 431; x_wconf 68' lang='grc' dir='ltr'>’Μιιιι</span> <span class='ocrx_word' id='word_1_7' title='bbox 372 369 440 433; x_wconf 87' lang='lat' dir='ltr'>iilos</span> <span class='ocrx_word' id='word_1_8' title='bbox 461 373 551 432; x_wconf 81' lang='lat' dir='ltr'>ctiam</span> <span class='ocrx_word' id='word_1_9' title='bbox 571 372 713 433; x_wconf 85' lang='lat' dir='ltr'>docebiai</span> <span class='ocrx_word' id='word_1_10' title='bbox 735 371 789 432; x_wconf 85' lang='lat' dir='ltr'>ita.</span> <span class='ocrx_word' id='word_1_11' title='bbox 832 370 906 431; x_wconf 84' lang='lat' dir='ltr'>Nam</span> <span class='ocrx_word' id='word_1_12' title='bbox 927 390 1003 450; x_wconf 82' lang='lat' dir='ltr'>quos</span> <span class='ocrx_word' id='word_1_13' title='bbox 1017 373 1067 434; x_wconf 88' lang='lat' dir='ltr'>hic</span> 
     </span>
     <span class='ocr_line' id='line_1_3' title="bbox 112 471 1067 555; baseline 0.002 -24"><span class='ocrx_word' id='word_1_14' title='bbox 112 472 230 549; x_wconf 83' lang='lat' dir='ltr'>iniquos</span> <span class='ocrx_word' id='word_1_15' title='bbox 251 471 400 551; x_wconf 83' lang='lat' dir='ltr'>appellet,</span> <span class='ocrx_word' id='word_1_16' title='bbox 426 490 478 533; x_wconf 88' lang='lat' dir='ltr'>eos</span> <span class='ocrx_word' id='word_1_17' title='bbox 499 473 525 532; x_wconf 86' lang='lat' dir='ltr'>si</span> <span class='ocrx_word' id='word_1_18' title='bbox 546 472 638 533; x_wconf 82' lang='lat' dir='ltr'>iarvis</span> <span class='ocrx_word' id='word_1_19' title='bbox 659 475 690 531; x_wconf 88' lang='lat' dir='ltr'>et</span> <span class='ocrx_word' id='word_1_20' title='bbox 709 474 845 552; x_wconf 85' lang='lat' dir='ltr'>personis</span> <span class='ocrx_word' id='word_1_21' title='bbox 867 475 929 533; x_wconf 89' lang='lat' dir='ltr'>suis</span> <span class='ocrx_word' id='word_1_22' title='bbox 950 474 1067 555; x_wconf 75' lang='lat' dir='ltr'>induas,</span> 
     </span>
     <span class='ocr_line' id='line_1_4' title="bbox 111 571 1068 649; baseline 0.003 -19"><span class='ocrx_word' id='word_1_23' title='bbox 111 571 143 631; x_wconf 89' lang='lat' dir='ltr'>in</span> <span class='ocrx_word' id='word_1_24' title='bbox 163 572 273 649; x_wconf 80' lang='lat' dir='ltr'>quibua</span> <span class='ocrx_word' id='word_1_25' title='bbox 298 586 401 633; x_wconf 82' lang='lat' dir='ltr'>eorem</span> <span class='ocrx_word' id='word_1_26' title='bbox 420 571 531 631; x_wconf 87' lang='lat' dir='ltr'>mundo</span> <span class='ocrx_word' id='word_1_27' title='bbox 566 571 774 644; x_wconf 77' lang='lat' dir='ltr'>obambulant,</span> <span class='ocrx_word' id='word_1_28' title='bbox 802 588 860 632; x_wconf 88' lang='lat' dir='ltr'>non</span> <span class='ocrx_word' id='word_1_29' title='bbox 881 573 979 646; x_wconf 86' lang='lat' dir='ltr'>fures,</span> <span class='ocrx_word' id='word_1_30' title='bbox 1007 593 1068 634; x_wconf 90' lang='lat' dir='ltr'>non</span> 
     </span>
     <span class='ocr_line' id='line_1_5' title="bbox 111 670 1068 744; baseline 0 -12"><span class='ocrx_word' id='word_1_31' title='bbox 111 670 279 743; x_wconf 82' lang='lat' dir='ltr'>adulteros,</span> <span class='ocrx_word' id='word_1_32' title='bbox 300 686 360 732; x_wconf 85' lang='lat' dir='ltr'>non</span> <span class='ocrx_word' id='word_1_33' title='bbox 379 671 542 732; x_wconf 87' lang='lat' dir='ltr'>homicidas</span> <span class='ocrx_word' id='word_1_34' title='bbox 562 677 680 737; x_wconf 73' lang='lat' dir='ltr'>tanim</span> <span class='ocrx_word' id='word_1_35' title='bbox 702 690 767 732; x_wconf 84' lang='lat' dir='ltr'>esee</span> <span class='ocrx_word' id='word_1_36' title='bbox 790 672 878 744; x_wconf 87' lang='lat' dir='ltr'>dices,</span> <span class='ocrx_word' id='word_1_37' title='bbox 901 673 956 732; x_wconf 88' lang='lat' dir='ltr'>sed</span> <span class='ocrx_word' id='word_1_38' title='bbox 977 676 1068 733; x_wconf 88' lang='lat' dir='ltr'>etiarn</span> 
     </span>
     <span class='ocr_line' id='line_1_6' title="bbox 109 770 1065 854; baseline 0 -20"><span class='ocrx_word' id='word_1_39' title='bbox 109 772 346 852; x_wconf 72' lang='lat' dir='ltr'>sapientissimos</span> <span class='ocrx_word' id='word_1_40' title='bbox 374 776 407 832; x_wconf 85' lang='lat' dir='ltr'>et</span> <span class='ocrx_word' id='word_1_41' title='bbox 436 770 639 843; x_wconf 83' lang='lat' dir='ltr'>sanctissimos</span> <span class='ocrx_word' id='word_1_42' title='bbox 672 785 772 845; x_wconf 79' lang='lat' dir='ltr'>coram</span> <span class='ocrx_word' id='word_1_43' title='bbox 806 773 930 846; x_wconf 85' lang='lat' dir='ltr'>mundo,</span> <span class='ocrx_word' id='word_1_44' title='bbox 969 792 1065 854; x_wconf 81' lang='lat' dir='ltr'>reges,</span> 
     </span>
     <span class='ocr_line' id='line_1_7' title="bbox 109 873 1069 955; baseline 0.005 -24"><span class='ocrx_word' id='word_1_45' title='bbox 109 873 279 954; x_wconf 85' lang='lat' dir='ltr'>principes,</span> <span class='ocrx_word' id='word_1_46' title='bbox 300 873 487 946; x_wconf 76' lang='lat' dir='ltr'>sacerdotes,</span> <span class='ocrx_word' id='word_1_47' title='bbox 508 875 683 946; x_wconf 81' lang='lat' dir='ltr'>monachos,</span> <span class='ocrx_word' id='word_1_48' title='bbox 715 875 746 932; x_wconf 90' lang='lat' dir='ltr'>in</span> <span class='ocrx_word' id='word_1_49' title='bbox 769 876 847 934; x_wconf 88' lang='lat' dir='ltr'>omni</span> <span class='ocrx_word' id='word_1_50' title='bbox 868 876 1015 955; x_wconf 85' lang='lat' dir='ltr'>sapientia</span> <span class='ocrx_word' id='word_1_51' title='bbox 1035 881 1069 936; x_wconf 92' lang='lat' dir='ltr'>et</span> 
     </span>
     <span class='ocr_line' id='line_1_8' title="bbox 110 975 1066 1057; baseline 0.005 -24"><span class='ocrx_word' id='word_1_52' title='bbox 110 975 314 1047; x_wconf 74' lang='lat' dir='ltr'>sanctimonia,</span> <span class='ocrx_word' id='word_1_53' title='bbox 335 994 426 1052; x_wconf 85' lang='lat' dir='ltr'>qnam</span> <span class='ocrx_word' id='word_1_54' title='bbox 446 979 548 1057; x_wconf 79' lang='lat' dir='ltr'>potest</span> <span class='ocrx_word' id='word_1_55' title='bbox 566 975 715 1039; x_wconf 83' lang='lat' dir='ltr'>humanus</span> <span class='ocrx_word' id='word_1_56' title='bbox 736 976 851 1035; x_wconf 83' lang='lat' dir='ltr'>animus</span> <span class='ocrx_word' id='word_1_57' title='bbox 872 977 937 1035; x_wconf 89' lang='lat' dir='ltr'>sine</span> <span class='ocrx_word' id='word_1_58' title='bbox 948 978 1066 1056; x_wconf 84' lang='lat' dir='ltr'>Spiritu</span> 
     </span>
     <span class='ocr_line' id='line_1_9' title="bbox 38 1068 1065 1162; baseline 0.003 -27"><span class='ocrx_word' id='word_1_59' title='bbox 38 1140 46 1162; x_wconf 38' lang='grc' dir='ltr'>ι</span> <span class='ocrx_word' id='word_1_60' title='bbox 110 1077 228 1149; x_wconf 70' lang='grc' dir='ltr'>ιιιιιιιιι1</span> <span class='ocrx_word' id='word_1_61' title='bbox 242 1074 410 1155; x_wconf 71' lang='lat' dir='ltr'>intelligere</span> <span class='ocrx_word' id='word_1_62' title='bbox 438 1080 469 1136; x_wconf 90' lang='lat' dir='ltr'>et</span> <span class='ocrx_word' id='word_1_63' title='bbox 490 1068 661 1156; x_wconf 75' lang='lat' dir='ltr'>&#39;praestare</span> <span class='ocrx_word' id='word_1_64' title='bbox 711 1077 785 1137; x_wconf 87' lang='lat' dir='ltr'>Nam</span> <span class='ocrx_word' id='word_1_65' title='bbox 818 1077 967 1156; x_wconf 82' lang='lat' dir='ltr'>emphasis</span> <span class='ocrx_word' id='word_1_66' title='bbox 1001 1082 1065 1138; x_wconf 82' lang='lat' dir='ltr'>tota</span> 
     </span>
     <span class='ocr_line' id='line_1_10' title="bbox 109 1175 1065 1256; baseline 0.002 -21"><span class='ocrx_word' id='word_1_67' title='bbox 109 1176 158 1236; x_wconf 79' lang='lat' dir='ltr'>ert</span> <span class='ocrx_word' id='word_1_68' title='bbox 177 1175 210 1235; x_wconf 89' lang='lat' dir='ltr'>in</span> <span class='ocrx_word' id='word_1_69' title='bbox 228 1177 404 1256; x_wconf 82' lang='lat' dir='ltr'>pronomine</span> <span class='ocrx_word' id='word_1_70' title='bbox 424 1180 539 1249; x_wconf 82' lang='lat' dir='ltr'>„tnes“.</span> <span class='ocrx_word' id='word_1_71' title='bbox 580 1177 707 1237; x_wconf 84' lang='lat' dir='ltr'>Fatetur</span> <span class='ocrx_word' id='word_1_72' title='bbox 735 1178 811 1236; x_wconf 87' lang='lat' dir='ltr'>enim</span> <span class='ocrx_word' id='word_1_73' title='bbox 834 1196 893 1245; x_wconf 84' lang='lat' dir='ltr'>eos,</span> <span class='ocrx_word' id='word_1_74' title='bbox 915 1197 989 1254; x_wconf 87' lang='lat' dir='ltr'>qnos</span> <span class='ocrx_word' id='word_1_75' title='bbox 1009 1179 1065 1237; x_wconf 89' lang='lat' dir='ltr'>ini-</span> 
     </span>
     <span class='ocr_line' id='line_1_11' title="bbox 109 1275 1064 1365; baseline 0.001 -28"><span class='ocrx_word' id='word_1_76' title='bbox 109 1290 184 1353; x_wconf 66' lang='lat' dir='ltr'>quos</span> <span class='ocrx_word' id='word_1_77' title='bbox 205 1278 301 1365; x_wconf 68' lang='lat' dir='ltr'>vocet,</span> <span class='ocrx_word' id='word_1_78' title='bbox 322 1275 433 1338; x_wconf 80' lang='lat' dir='ltr'>habere</span> <span class='ocrx_word' id='word_1_79' title='bbox 449 1278 521 1353; x_wconf 80' lang='grc' dir='ltr'>ιίιιι,</span> <span class='ocrx_word' id='word_1_80' title='bbox 543 1277 696 1354; x_wconf 73' lang='lat' dir='ltr'>inquibus</span> <span class='ocrx_word' id='word_1_81' title='bbox 710 1281 791 1349; x_wconf 87' lang='lat' dir='ltr'>cant,</span> <span class='ocrx_word' id='word_1_82' title='bbox 812 1281 844 1337; x_wconf 88' lang='lat' dir='ltr'>et</span> <span class='ocrx_word' id='word_1_83' title='bbox 857 1279 913 1338; x_wconf 84' lang='lat' dir='ltr'>sibi</span> <span class='ocrx_word' id='word_1_84' title='bbox 938 1277 1064 1357; x_wconf 83' lang='lat' dir='ltr'>pulchre</span> 
     </span>
     <span class='ocr_line' id='line_1_12' title="bbox 31 1374 1064 1457; baseline 0.004 -22"><span class='ocrx_word' id='word_1_85' title='bbox 31 1446 35 1453; x_wconf 24' lang='lat' dir='ltr'><em>f</em></span> <span class='ocrx_word' id='word_1_86' title='bbox 107 1378 139 1436; x_wconf 92' lang='lat' dir='ltr'>in</span> <span class='ocrx_word' id='word_1_87' title='bbox 163 1377 200 1437; x_wconf 85' lang='lat' dir='ltr'>iie</span> <span class='ocrx_word' id='word_1_88' title='bbox 220 1376 349 1457; x_wconf 76' lang='lat' dir='ltr'>piscare.</span> <span class='ocrx_word' id='word_1_89' title='bbox 392 1374 744 1454; x_wconf 71' lang='lat' dir='ltr'>Sednonsuntinqnit‚</span> <span class='ocrx_word' id='word_1_90' title='bbox 766 1378 970 1451; x_wconf 75' lang='lat' dir='ltr'>vicedomini,</span> <span class='ocrx_word' id='word_1_91' title='bbox 992 1384 1064 1439; x_wconf 84' lang='lat' dir='ltr'>sunt</span> 
     </span>
     <span class='ocr_line' id='line_1_13' title="bbox 107 1465 1065 1559; baseline 0.002 -21"><span class='ocrx_word' id='word_1_92' title='bbox 107 1479 174 1538; x_wconf 84' lang='lat' dir='ltr'>viae</span> <span class='ocrx_word' id='word_1_93' title='bbox 193 1478 357 1550; x_wconf 76' lang='lat' dir='ltr'>hnmanae,</span> <span class='ocrx_word' id='word_1_94' title='bbox 389 1478 420 1537; x_wconf 87' lang='lat' dir='ltr'>in</span> <span class='ocrx_word' id='word_1_95' title='bbox 449 1465 559 1556; x_wconf 80' lang='lat' dir='ltr'>qarbns</span> <span class='ocrx_word' id='word_1_96' title='bbox 579 1497 647 1538; x_wconf 91' lang='lat' dir='ltr'>non</span> <span class='ocrx_word' id='word_1_97' title='bbox 658 1481 786 1558; x_wconf 76' lang='lat' dir='ltr'><strong>possunt</strong></span> <span class='ocrx_word' id='word_1_98' title='bbox 806 1477 926 1544; x_wconf 83' lang='lat' dir='ltr'>saivari.</span> <span class='ocrx_word' id='word_1_99' title='bbox 969 1479 1065 1559; x_wconf 80' lang='lat' dir='ltr'>igitur</span> 
     </span>
     <span class='ocr_line' id='line_1_14' title="bbox 107 1577 1063 1659; baseline 0.001 -20"><span class='ocrx_word' id='word_1_100' title='bbox 107 1577 221 1639; x_wconf 79' lang='lat' dir='ltr'><strong>docebo</strong></span> <span class='ocrx_word' id='word_1_101' title='bbox 241 1597 293 1638; x_wconf 81' lang='lat' dir='ltr'>eos</span> <span class='ocrx_word' id='word_1_102' title='bbox 313 1580 382 1639; x_wconf 78' lang='lat' dir='ltr'>tuae</span> <span class='ocrx_word' id='word_1_103' title='bbox 403 1579 478 1639; x_wconf 78' lang='lat' dir='ltr'>riae.</span> <span class='ocrx_word' id='word_1_104' title='bbox 520 1578 580 1641; x_wconf 84' lang='lat' dir='ltr'>Hie</span> <span class='ocrx_word' id='word_1_105' title='bbox 599 1582 709 1639; x_wconf 85' lang='lat' dir='ltr'>iterum</span> <span class='ocrx_word' id='word_1_106' title='bbox 724 1579 873 1659; x_wconf 73' lang='lat' dir='ltr'>significat</span> <span class='ocrx_word' id='word_1_107' title='bbox 886 1581 1063 1658; x_wconf 82' lang='lat' dir='ltr'>periculum,</span> 
     </span>
     <span class='ocr_line' id='line_1_15' title="bbox 108 1672 1063 1758; baseline 0.003 -19"><span class='ocrx_word' id='word_1_108' title='bbox 108 1679 190 1758; x_wconf 88' lang='lat' dir='ltr'>qnod</span> <span class='ocrx_word' id='word_1_109' title='bbox 219 1681 322 1740; x_wconf 87' lang='lat' dir='ltr'>manet</span> <span class='ocrx_word' id='word_1_110' title='bbox 347 1678 403 1738; x_wconf 81' lang='lat' dir='ltr'>hoe</span> <span class='ocrx_word' id='word_1_111' title='bbox 425 1678 570 1740; x_wconf 84' lang='lat' dir='ltr'>docteres.</span> <span class='ocrx_word' id='word_1_112' title='bbox 612 1682 717 1757; x_wconf 85' lang='lat' dir='ltr'>Neque</span> <span class='ocrx_word' id='word_1_113' title='bbox 743 1681 821 1740; x_wconf 90' lang='lat' dir='ltr'>enim</span> <span class='ocrx_word' id='word_1_114' title='bbox 840 1672 970 1739; x_wconf 74' lang='lat' dir='ltr'>mundus</span> <span class='ocrx_word' id='word_1_115' title='bbox 992 1698 1063 1742; x_wconf 87' lang='lat' dir='ltr'>suas</span> 
     </span>
     <span class='ocr_line' id='line_1_16' title="bbox 106 1756 1062 1854; baseline 0.002 -14"><span class='ocrx_word' id='word_1_116' title='bbox 106 1781 171 1840; x_wconf 82' lang='lat' dir='ltr'>vias</span> <span class='ocrx_word' id='word_1_117' title='bbox 178 1777 257 1841; x_wconf 82' lang='lat' dir='ltr'>vult</span> <span class='ocrx_word' id='word_1_118' title='bbox 277 1778 413 1839; x_wconf 87' lang='lat' dir='ltr'>damnari</span> <span class='ocrx_word' id='word_1_119' title='bbox 435 1798 490 1839; x_wconf 90' lang='lat' dir='ltr'>cen</span> <span class='ocrx_word' id='word_1_120' title='bbox 512 1756 658 1854; x_wconf 83' lang='lat' dir='ltr'>errorem,</span> <span class='ocrx_word' id='word_1_121' title='bbox 679 1780 734 1840; x_wconf 91' lang='lat' dir='ltr'>sed</span> <span class='ocrx_word' id='word_1_122' title='bbox 756 1780 890 1842; x_wconf 75' lang='lat' dir='ltr'>defendit</span> <span class='ocrx_word' id='word_1_123' title='bbox 912 1798 978 1840; x_wconf 85' lang='lat' dir='ltr'>asse</span> <span class='ocrx_word' id='word_1_124' title='bbox 999 1784 1062 1842; x_wconf 79' lang='lat' dir='ltr'>virs</span> 
     </span>
     <span class='ocr_line' id='line_1_17' title="bbox 106 1871 1063 1973; baseline 0.003 -35"><span class='ocrx_word' id='word_1_125' title='bbox 106 1871 312 1967; x_wconf 80' lang='lat' dir='ltr'>etjnrt&#39;itiam.</span> <span class='ocrx_word' id='word_1_126' title='bbox 355 1877 416 1943; x_wconf 70' lang='lat' dir='ltr'>Qui</span> <span class='ocrx_word' id='word_1_127' title='bbox 443 1878 537 1965; x_wconf 62' lang='lat' dir='ltr'>igitur</span> <span class='ocrx_word' id='word_1_128' title='bbox 566 1881 632 1973; x_wconf 78' lang='lat' dir='ltr'>vnit</span> <span class='ocrx_word' id='word_1_129' title='bbox 650 1879 722 1952; x_wconf 88' lang='lat' dir='ltr'>Dei,</span> <span class='ocrx_word' id='word_1_130' title='bbox 756 1899 815 1938; x_wconf 90' lang='lat' dir='ltr'>non</span> <span class='ocrx_word' id='word_1_131' title='bbox 842 1898 940 1959; x_wconf 89' lang='lat' dir='ltr'>papae</span> <span class='ocrx_word' id='word_1_132' title='bbox 960 1894 1063 1941; x_wconf 82' lang='lat' dir='ltr'>monn·</span> 
     </span>
     <span class='ocr_line' id='line_1_18' title="bbox 106 1979 1062 2058; baseline 0 -18"><span class='ocrx_word' id='word_1_133' title='bbox 106 1981 180 2040; x_wconf 80' lang='lat' dir='ltr'>rhus</span> <span class='ocrx_word' id='word_1_134' title='bbox 201 1997 276 2051; x_wconf 86' lang='lat' dir='ltr'>esse,</span> <span class='ocrx_word' id='word_1_135' title='bbox 297 1982 329 2038; x_wconf 85' lang='lat' dir='ltr'>et</span> <span class='ocrx_word' id='word_1_136' title='bbox 347 1979 541 2057; x_wconf 84' lang='lat' dir='ltr'>asperrimam</span> <span class='ocrx_word' id='word_1_137' title='bbox 553 1979 689 2058; x_wconf 76' lang='lat' dir='ltr'>regulam</span> <span class='ocrx_word' id='word_1_138' title='bbox 700 1981 778 2046; x_wconf 81' lang='lat' dir='ltr'>vitae</span> <span class='ocrx_word' id='word_1_139' title='bbox 799 1980 907 2049; x_wconf 86' lang='lat' dir='ltr'>subire,</span> <span class='ocrx_word' id='word_1_140' title='bbox 930 1983 960 2037; x_wconf 91' lang='lat' dir='ltr'>et</span> <span class='ocrx_word' id='word_1_141' title='bbox 973 1999 1062 2040; x_wconf 87' lang='lat' dir='ltr'>sunm</span> 
     </span>
    </p>
   </div>
   <div class='ocr_carea' id='block_1_3' title="bbox 16 2076 1062 2158">
    <p class='ocr_par' dir='ltr' id='par_1_3' title="bbox 16 2076 1062 2158">
     <span class='ocr_line' id='line_1_19' title="bbox 16 2076 1062 2158; baseline -0.005 -14"><span class='ocrx_word' id='word_1_142' title='bbox 16 2085 18 2089; x_wconf 83' lang='grc'><strong>’</strong></span> <span class='ocrx_word' id='word_1_143' title='bbox 98 2078 284 2142; x_wconf 73' lang='lat' dir='ltr'>‘sacrificium</span> <span class='ocrx_word' id='word_1_144' title='bbox 303 2076 368 2141; x_wconf 81' lang='lat' dir='ltr'>Dee</span> <span class='ocrx_word' id='word_1_145' title='bbox 389 2081 558 2158; x_wconf 82' lang='lat' dir='ltr'>praestare,</span> <span class='ocrx_word' id='word_1_146' title='bbox 585 2079 611 2137; x_wconf 81' lang='lat' dir='ltr'>ir</span> <span class='ocrx_word' id='word_1_147' title='bbox 638 2077 696 2138; x_wconf 90' lang='lat' dir='ltr'>hoc</span> <span class='ocrx_word' id='word_1_148' title='bbox 716 2082 802 2157; x_wconf 71' lang='lat' dir='ltr'>agat,</span> <span class='ocrx_word' id='word_1_149' title='bbox 823 2082 859 2136; x_wconf 86' lang='lat' dir='ltr'>ut</span> <span class='ocrx_word' id='word_1_150' title='bbox 880 2077 986 2138; x_wconf 88' lang='lat' dir='ltr'>doceat</span> <span class='ocrx_word' id='word_1_151' title='bbox 1006 2083 1062 2139; x_wconf 93' lang='lat' dir='ltr'>ini·</span> 
     </span>
    </p>
   </div>
   <div class='ocr_carea' id='block_1_4' title="bbox 99 2162 1061 3759">
    <p class='ocr_par' dir='ltr' id='par_1_4' title="bbox 103 2162 1061 2659">
     <span class='ocr_line' id='line_1_20' title="bbox 105 2162 1060 2260; baseline -0.002 -19"><span class='ocrx_word' id='word_1_152' title='bbox 105 2197 181 2260; x_wconf 81' lang='lat' dir='ltr'>quor</span> <span class='ocrx_word' id='word_1_153' title='bbox 201 2179 265 2239; x_wconf 83' lang='lat' dir='ltr'>vias</span> <span class='ocrx_word' id='word_1_154' title='bbox 285 2177 351 2237; x_wconf 88' lang='lat' dir='ltr'>Dei.</span> <span class='ocrx_word' id='word_1_155' title='bbox 373 2162 465 2236; x_wconf 76' lang='lat' dir='ltr'>Tunc</span> <span class='ocrx_word' id='word_1_156' title='bbox 484 2175 545 2259; x_wconf 75' lang='lat' dir='ltr'>fiet,</span> <span class='ocrx_word' id='word_1_157' title='bbox 566 2180 681 2238; x_wconf 84' lang='lat' dir='ltr'>utnon</span> <span class='ocrx_word' id='word_1_158' title='bbox 702 2176 798 2237; x_wconf 75' lang='lat' dir='ltr'>seium</span> <span class='ocrx_word' id='word_1_159' title='bbox 820 2176 968 2236; x_wconf 87' lang='lat' dir='ltr'>diabolum</span> <span class='ocrx_word' id='word_1_160' title='bbox 990 2197 1060 2239; x_wconf 86' lang='lat' dir='ltr'>cunr</span> 
     </span>
     <span class='ocr_line' id='line_1_21' title="bbox 103 2276 1061 2356; baseline -0.003 -14"><span class='ocrx_word' id='word_1_161' title='bbox 103 2282 229 2354; x_wconf 81' lang='lat' dir='ltr'>inferno,</span> <span class='ocrx_word' id='word_1_162' title='bbox 250 2282 282 2339; x_wconf 88' lang='lat' dir='ltr'>et</span> <span class='ocrx_word' id='word_1_163' title='bbox 300 2276 445 2338; x_wconf 85' lang='lat' dir='ltr'>mnndum</span> <span class='ocrx_word' id='word_1_164' title='bbox 460 2277 654 2338; x_wconf 82' lang='lat' dir='ltr'>cumeanctis</span> <span class='ocrx_word' id='word_1_165' title='bbox 668 2282 819 2338; x_wconf 80' lang='lat' dir='ltr'>contrane</span> <span class='ocrx_word' id='word_1_166' title='bbox 833 2281 984 2356; x_wconf 76' lang='lat' dir='ltr'>provocet&gt;</span> <span class='ocrx_word' id='word_1_167' title='bbox 1006 2281 1061 2339; x_wconf 88' lang='lat' dir='ltr'>sed</span> 
     </span>
     <span class='ocr_line' id='line_1_22' title="bbox 104 2377 1059 2462; baseline -0.005 -18"><span class='ocrx_word' id='word_1_168' title='bbox 104 2385 195 2444; x_wconf 83' lang='lat' dir='ltr'>etiarn</span> <span class='ocrx_word' id='word_1_169' title='bbox 215 2383 281 2462; x_wconf 86' lang='lat' dir='ltr'>ipse</span> <span class='ocrx_word' id='word_1_170' title='bbox 301 2380 358 2439; x_wconf 87' lang='lat' dir='ltr'>eibi</span> <span class='ocrx_word' id='word_1_171' title='bbox 380 2377 566 2439; x_wconf 78' lang='lat' dir='ltr'>contradicet</span> <span class='ocrx_word' id='word_1_172' title='bbox 586 2395 693 2456; x_wconf 86' lang='lat' dir='ltr'>ecepe,</span> <span class='ocrx_word' id='word_1_173' title='bbox 721 2384 752 2439; x_wconf 88' lang='lat' dir='ltr'>et</span> <span class='ocrx_word' id='word_1_174' title='bbox 772 2378 869 2440; x_wconf 84' lang='lat' dir='ltr'>discet</span> <span class='ocrx_word' id='word_1_175' title='bbox 889 2394 963 2451; x_wconf 87' lang='lat' dir='ltr'>usn,</span> <span class='ocrx_word' id='word_1_176' title='bbox 985 2380 1059 2455; x_wconf 89' lang='lat' dir='ltr'>quid</span> 
     </span>
     <span class='ocr_line' id='line_1_23' title="bbox 104 2477 1058 2559; baseline -0.004 -17"><span class='ocrx_word' id='word_1_177' title='bbox 104 2485 170 2546; x_wconf 87' lang='lat' dir='ltr'>sint</span> <span class='ocrx_word' id='word_1_178' title='bbox 193 2499 263 2542; x_wconf 83' lang='lat' dir='ltr'>rere</span> <span class='ocrx_word' id='word_1_179' title='bbox 295 2479 374 2539; x_wconf 86' lang='lat' dir='ltr'>bona</span> <span class='ocrx_word' id='word_1_180' title='bbox 408 2496 514 2559; x_wconf 84' lang='lat' dir='ltr'>opera,</span> <span class='ocrx_word' id='word_1_181' title='bbox 543 2478 622 2538; x_wconf 85' lang='lat' dir='ltr'>sicut</span> <span class='ocrx_word' id='word_1_182' title='bbox 651 2477 791 2545; x_wconf 73' lang='lat' dir='ltr'>Chrirtns</span> <span class='ocrx_word' id='word_1_183' title='bbox 821 2498 941 2556; x_wconf 84' lang='lat' dir='ltr'>qnoque</span> <span class='ocrx_word' id='word_1_184' title='bbox 970 2479 1058 2538; x_wconf 87' lang='lat' dir='ltr'>dicit:</span> 
     </span>
     <span class='ocr_line' id='line_1_24' title="bbox 103 2578 613 2659; baseline -0.012 -15"><span class='ocrx_word' id='word_1_185' title='bbox 103 2584 212 2659; x_wconf 76' lang='lat' dir='ltr'>„Feret</span> <span class='ocrx_word' id='word_1_186' title='bbox 230 2580 395 2641; x_wconf 80' lang='lat' dir='ltr'>fructum</span> <span class='ocrx_word' id='word_1_187' title='bbox 385 2598 416 2639; x_wconf 91' lang='grc' dir='ltr'>ιιι</span> <span class='ocrx_word' id='word_1_188' title='bbox 437 2578 613 2659; x_wconf 84' lang='lat' dir='ltr'>patientia.“</span> 
     </span>
    </p>

    <p class='ocr_par' dir='ltr' id='par_1_5' title="bbox 99 2665 1057 3759">
     <span class='ocr_line' id='line_1_25' title="bbox 102 2665 1057 2759; baseline -0.004 -17"><span class='ocrx_word' id='word_1_189' title='bbox 102 2667 106 2677; x_wconf 47' lang='lat'><em>¹</em></span> <span class='ocrx_word' id='word_1_190' title='bbox 185 2680 328 2742; x_wconf 77' lang='lat' dir='ltr'>Adhnnc</span> <span class='ocrx_word' id='word_1_191' title='bbox 344 2665 465 2759; x_wconf 68' lang='lat' dir='ltr'>moduni</span> <span class='ocrx_word' id='word_1_192' title='bbox 487 2679 642 2758; x_wconf 84' lang='lat' dir='ltr'>„iniqnos“</span> <span class='ocrx_word' id='word_1_193' title='bbox 662 2695 782 2757; x_wconf 79' lang='lat' dir='ltr'>expono,</span> <span class='ocrx_word' id='word_1_194' title='bbox 803 2697 863 2738; x_wconf 87' lang='lat' dir='ltr'>non</span> <span class='ocrx_word' id='word_1_195' title='bbox 883 2680 935 2755; x_wconf 90' lang='lat' dir='ltr'>qui</span> <span class='ocrx_word' id='word_1_196' title='bbox 956 2697 1057 2738; x_wconf 84' lang='lat' dir='ltr'>coram</span> 
     </span>
     <span class='ocr_line' id='line_1_26' title="bbox 101 2778 1058 2865; baseline -0.007 -19"><span class='ocrx_word' id='word_1_197' title='bbox 101 2783 213 2853; x_wconf 74' lang='lat' dir='ltr'>mundo</span> <span class='ocrx_word' id='word_1_198' title='bbox 232 2779 302 2842; x_wconf 77' lang='lat' dir='ltr'>meli</span> <span class='ocrx_word' id='word_1_199' title='bbox 324 2782 410 2851; x_wconf 80' lang='lat' dir='ltr'>suni,</span> <span class='ocrx_word' id='word_1_200' title='bbox 436 2779 493 2839; x_wconf 84' lang='lat' dir='ltr'>sed</span> <span class='ocrx_word' id='word_1_201' title='bbox 503 2780 565 2865; x_wconf 85' lang='lat' dir='ltr'>qni</span> <span class='ocrx_word' id='word_1_202' title='bbox 587 2796 687 2839; x_wconf 82' lang='lat' dir='ltr'>coram</span> <span class='ocrx_word' id='word_1_203' title='bbox 707 2778 818 2839; x_wconf 84' lang='lat' dir='ltr'>mundo</span> <span class='ocrx_word' id='word_1_204' title='bbox 839 2784 911 2839; x_wconf 85' lang='lat' dir='ltr'>sunt</span> <span class='ocrx_word' id='word_1_205' title='bbox 932 2782 1058 2840; x_wconf 86' lang='lat' dir='ltr'>sanctis-</span> 
     </span>
     <span class='ocr_line' id='line_1_27' title="bbox 103 2877 1056 2963; baseline -0.009 -15"><span class='ocrx_word' id='word_1_206' title='bbox 103 2886 185 2957; x_wconf 76' lang='lat' dir='ltr'>sini,</span> <span class='ocrx_word' id='word_1_207' title='bbox 207 2884 287 2945; x_wconf 82' lang='lat' dir='ltr'>sicut</span> <span class='ocrx_word' id='word_1_208' title='bbox 305 2878 429 2940; x_wconf 77' lang='lat' dir='ltr'>navidis</span> <span class='ocrx_word' id='word_1_209' title='bbox 450 2882 585 2960; x_wconf 78' lang='lat' dir='ltr'>tompore</span> <span class='ocrx_word' id='word_1_210' title='bbox 606 2883 693 2963; x_wconf 81' lang='lat' dir='ltr'>erant</span> <span class='ocrx_word' id='word_1_211' title='bbox 712 2877 851 2951; x_wconf 75' lang='lat' dir='ltr'>Levitae,</span> <span class='ocrx_word' id='word_1_212' title='bbox 880 2882 1056 2958; x_wconf 84' lang='lat' dir='ltr'>prophetae,</span> 
     </span>
     <span class='ocr_line' id='line_1_28' title="bbox 101 2978 1056 3059; baseline -0.007 -13"><span class='ocrx_word' id='word_1_213' title='bbox 101 2983 284 3055; x_wconf 70' lang='lat' dir='ltr'>mmdetes.</span> <span class='ocrx_word' id='word_1_214' title='bbox 326 2978 392 3040; x_wconf 81' lang='lat' dir='ltr'>Hes</span> <span class='ocrx_word' id='word_1_215' title='bbox 413 2979 531 3059; x_wconf 66' lang='lat' dir='ltr'>peccati</span> <span class='ocrx_word' id='word_1_216' title='bbox 551 2992 686 3058; x_wconf 68' lang='lat' dir='ltr'>ugnere,</span> <span class='ocrx_word' id='word_1_217' title='bbox 708 2982 739 3041; x_wconf 81' lang='lat' dir='ltr'>et</span> <span class='ocrx_word' id='word_1_218' title='bbox 753 2979 871 3056; x_wconf 77' lang='lat' dir='ltr'>iniquos</span> <span class='ocrx_word' id='word_1_219' title='bbox 893 2979 1056 3058; x_wconf 87' lang='lat' dir='ltr'>appellare,</span> 
     </span>
     <span class='ocr_line' id='line_1_29' title="bbox 101 3078 1057 3160; baseline -0.008 -13"><span class='ocrx_word' id='word_1_220' title='bbox 101 3103 162 3157; x_wconf 82' lang='lat' dir='ltr'>non</span> <span class='ocrx_word' id='word_1_221' title='bbox 182 3085 321 3145; x_wconf 85' lang='lat' dir='ltr'>obstante</span> <span class='ocrx_word' id='word_1_222' title='bbox 341 3097 392 3152; x_wconf 88' lang='lat' dir='ltr'>co,</span> <span class='ocrx_word' id='word_1_223' title='bbox 420 3079 501 3157; x_wconf 86' lang='lat' dir='ltr'>quod</span> <span class='ocrx_word' id='word_1_224' title='bbox 530 3080 690 3140; x_wconf 81' lang='lat' dir='ltr'>eerrabent</span> <span class='ocrx_word' id='word_1_225' title='bbox 710 3078 807 3160; x_wconf 70' lang='lat' dir='ltr'>legem</span> <span class='ocrx_word' id='word_1_226' title='bbox 825 3079 914 3150; x_wconf 84' lang='lat' dir='ltr'>hiosi,</span> <span class='ocrx_word' id='word_1_227' title='bbox 944 3079 1057 3158; x_wconf 85' lang='lat' dir='ltr'>plenis-</span> 
     </span>
     <span class='ocr_line' id='line_1_30' title="bbox 101 3163 1056 3267; baseline -0.006 -22"><span class='ocrx_word' id='word_1_228' title='bbox 101 3185 209 3254; x_wconf 71' lang='lat' dir='ltr'>simum</span> <span class='ocrx_word' id='word_1_229' title='bbox 229 3179 359 3267; x_wconf 83' lang='lat' dir='ltr'>periculi</span> <span class='ocrx_word' id='word_1_230' title='bbox 378 3163 446 3239; x_wconf 52' lang='lat' dir='ltr'>ests</span> <span class='ocrx_word' id='word_1_231' title='bbox 475 3179 534 3240; x_wconf 83' lang='lat' dir='ltr'>list</span> <span class='ocrx_word' id='word_1_232' title='bbox 559 3180 651 3261; x_wconf 75' lang='lat' dir='ltr'>igitar</span> <span class='ocrx_word' id='word_1_233' title='bbox 678 3181 738 3241; x_wconf 86' lang='lat' dir='ltr'>site</span> <span class='ocrx_word' id='word_1_234' title='bbox 768 3179 916 3259; x_wconf 77' lang='lat' dir='ltr'>emphasis</span> <span class='ocrx_word' id='word_1_235' title='bbox 938 3183 968 3239; x_wconf 90' lang='lat' dir='ltr'>in</span> <span class='ocrx_word' id='word_1_236' title='bbox 996 3182 1056 3240; x_wconf 87' lang='lat' dir='ltr'>sin-</span> 
     </span>
     <span class='ocr_line' id='line_1_31' title="bbox 100 3278 1054 3375; baseline -0.005 -30"><span class='ocrx_word' id='word_1_237' title='bbox 100 3284 179 3375; x_wconf 65' lang='lat' dir='ltr'>guiis</span> <span class='ocrx_word' id='word_1_238' title='bbox 199 3282 314 3354; x_wconf 77' lang='lat' dir='ltr'>verbis,</span> <span class='ocrx_word' id='word_1_239' title='bbox 341 3279 426 3357; x_wconf 70' lang='lat' dir='ltr'>qnod·</span> <span class='ocrx_word' id='word_1_240' title='bbox 443 3278 541 3339; x_wconf 75' lang='lat' dir='ltr'>David</span> <span class='ocrx_word' id='word_1_241' title='bbox 560 3283 698 3340; x_wconf 81' lang='lat' dir='ltr'>versatus</span> <span class='ocrx_word' id='word_1_242' title='bbox 717 3281 749 3338; x_wconf 91' lang='lat' dir='ltr'>in</span> <span class='ocrx_word' id='word_1_243' title='bbox 769 3298 839 3339; x_wconf 82' lang='lat' dir='ltr'>vero</span> <span class='ocrx_word' id='word_1_244' title='bbox 870 3281 1054 3361; x_wconf 77' lang='lat' dir='ltr'>purgatorio,</span> 
     </span>
     <span class='ocr_line' id='line_1_32' title="bbox 99 3377 1054 3462; baseline -0.014 -12"><span class='ocrx_word' id='word_1_245' title='bbox 99 3384 158 3450; x_wconf 79' lang='lat' dir='ltr'>hoc</span> <span class='ocrx_word' id='word_1_246' title='bbox 178 3388 235 3457; x_wconf 77' lang='lat' dir='ltr'>est,</span> <span class='ocrx_word' id='word_1_247' title='bbox 255 3394 420 3462; x_wconf 71' lang='lat' dir='ltr'>oppressus</span> <span class='ocrx_word' id='word_1_248' title='bbox 441 3377 593 3439; x_wconf 85' lang='lat' dir='ltr'>doloribus</span> <span class='ocrx_word' id='word_1_249' title='bbox 623 3380 740 3458; x_wconf 79' lang='lat' dir='ltr'>pcccati</span> <span class='ocrx_word' id='word_1_250' title='bbox 760 3383 792 3439; x_wconf 88' lang='lat' dir='ltr'>et</span> <span class='ocrx_word' id='word_1_251' title='bbox 811 3381 874 3439; x_wconf 83' lang='lat' dir='ltr'>irae</span> <span class='ocrx_word' id='word_1_252' title='bbox 894 3379 965 3450; x_wconf 86' lang='lat' dir='ltr'>Dei,</span> <span class='ocrx_word' id='word_1_253' title='bbox 990 3380 1054 3457; x_wconf 88' lang='lat' dir='ltr'>jam</span> 
     </span>
     <span class='ocr_line' id='line_1_33' title="bbox 100 3477 1055 3564; baseline -0.01 -16"><span class='ocrx_word' id='word_1_254' title='bbox 100 3491 203 3549; x_wconf 79' lang='lat' dir='ltr'>entem</span> <span class='ocrx_word' id='word_1_255' title='bbox 224 3500 281 3564; x_wconf 87' lang='lat' dir='ltr'>per</span> <span class='ocrx_word' id='word_1_256' title='bbox 299 3480 441 3542; x_wconf 74' lang='lat' dir='ltr'>fiduciam</span> <span class='ocrx_word' id='word_1_257' title='bbox 461 3477 682 3539; x_wconf 83' lang='lat' dir='ltr'>misericordiae</span> <span class='ocrx_word' id='word_1_258' title='bbox 692 3479 883 3558; x_wconf 81' lang='lat' dir='ltr'>justificatus,</span> <span class='ocrx_word' id='word_1_259' title='bbox 916 3478 1055 3557; x_wconf 87' lang='lat' dir='ltr'>procedit</span> 
     </span>
     <span class='ocr_line' id='line_1_34' title="bbox 100 3574 1054 3668; baseline -0.008 -24"><span class='ocrx_word' id='word_1_260' title='bbox 100 3590 134 3653; x_wconf 78' lang='lat' dir='ltr'>in</span> <span class='ocrx_word' id='word_1_261' title='bbox 160 3574 330 3668; x_wconf 69' lang='lat' dir='ltr'>publicum,</span> <span class='ocrx_word' id='word_1_262' title='bbox 357 3578 503 3647; x_wconf 73' lang='lat' dir='ltr'>docturus</span> <span class='ocrx_word' id='word_1_263' title='bbox 530 3576 564 3637; x_wconf 87' lang='lat' dir='ltr'>in</span> <span class='ocrx_word' id='word_1_264' title='bbox 591 3586 701 3657; x_wconf 67' lang='lat' dir='ltr'>genere</span> <span class='ocrx_word' id='word_1_265' title='bbox 732 3596 833 3638; x_wconf 85' lang='lat' dir='ltr'>omnes</span> <span class='ocrx_word' id='word_1_266' title='bbox 854 3578 892 3638; x_wconf 87' lang='lat' dir='ltr'>de</span> <span class='ocrx_word' id='word_1_267' title='bbox 912 3577 1054 3638; x_wconf 81' lang='lat' dir='ltr'>ineffabili</span> 
     </span>
     <span class='ocr_line' id='line_1_35' title="bbox 100 3675 1055 3759; baseline -0.013 -9"><span class='ocrx_word' id='word_1_268' title='bbox 100 3682 305 3759; x_wconf 70' lang='lat' dir='ltr'>misericordia</span> <span class='ocrx_word' id='word_1_269' title='bbox 323 3678 397 3752; x_wconf 83' lang='lat' dir='ltr'>Dei,</span> <span class='ocrx_word' id='word_1_270' title='bbox 426 3682 460 3739; x_wconf 84' lang='lat' dir='ltr'>et</span> <span class='ocrx_word' id='word_1_271' title='bbox 476 3675 567 3743; x_wconf 81' lang='lat' dir='ltr'>sinui</span> <span class='ocrx_word' id='word_1_272' title='bbox 596 3677 836 3758; x_wconf 74' lang='lat' dir='ltr'>reprehensurus</span> <span class='ocrx_word' id='word_1_273' title='bbox 858 3678 954 3739; x_wconf 88' lang='lat' dir='ltr'>omnia</span> <span class='ocrx_word' id='word_1_274' title='bbox 975 3678 1055 3738; x_wconf 89' lang='lat' dir='ltr'>bona</span> 
     </span>
    </p>
   </div>
   <div class='ocr_carea' id='block_1_5' title="bbox 0 0 1100 4064">
    <p class='ocr_par' dir='ltr' id='par_1_6' title="bbox 0 0 1100 4064">
     <span class='ocr_line' id='line_1_36' title="bbox 0 0 1100 4064; baseline 0 3"><span class='ocrx_word' id='word_1_275' title='bbox 0 0 1100 4064; x_wconf 95' lang='lat' dir='ltr'> </span> 
     </span>
    </p>
   </div>
   <div class='ocr_carea' id='block_1_6' title="bbox 80 3952 477 4018">
    <p class='ocr_par' dir='ltr' id='par_1_7' title="bbox 80 3952 477 4018">
     <span class='ocr_line' id='line_1_37' title="bbox 80 3952 477 4018; baseline -0.008 -23"><span class='ocrx_word' id='word_1_276' title='bbox 80 3952 142 3995; x_wconf 59' lang='grc' dir='ltr'>,Ἀ</span> <span class='ocrx_word' id='word_1_277' title='bbox 377 3992 477 4018; x_wconf 49' lang='lat'>4-</span> 
     </span>
    </p>
   </div>
  </div>
 </body>
</html>
