2190 4064
114 215 175 275 aaa
250 266 253 271 ,
417 174 739 281 Praeiectiones
813 264 816 268 .

66 366 68 371 ’
114 365 244 425 Satanae
265 365 454 425 convincendi
475 369 506 427 et
525 364 727 446 redarguendi
743 344 815 427 sunt
841 367 1001 445 propter
986 361 1056 425 rsit·

74 487 78 492 ·
114 483 203 540 quam
223 450 394 535 ecetesiam.
425 466 487 525 Sed
507 484 575 527 eum
606 468 708 529 verbo
718 471 847 526 externo
875 466 965 537 etiam
980 481 1054 525 con·

113 562 265 673 jungenda
285 570 331 625 est
344 564 505 642 cratini),
534 584 593 644 qne
610 566 755 646 malignus
790 565 912 645 spiritus
933 564 1061 623 marinis·

113 630 259 741 premitu'r
287 668 318 723 et
343 670 474 743 urgetur.
521 664 606 726 liaeo
636 666 781 753 repressit
813 662 1055 735 Arium,d1nni

17 786 20 797 ¹
94 749 247 836 'cinaeuna
268 763 439 848 sabellium,
459 742 534 827 haee
543 768 715 847 pharisaeos
735 770 766 824 et
778 762 961 825 incredulam
970 780 1055 838 syna·
1079 778 1083 785 ’

114 879 220 940 gogam
240 857 386 935 contudit,
408 867 481 927 haee
507 869 618 926 nostri
615 867 739 927 saeculi
770 865 932 944 impiarum
946 862 1055 941 opinio·

50 1040 64 1052 θ
115 980 185 1019 num
207 968 343 1044 auctores
374 966 477 1046 fregit,
506 968 639 1043 quamvis
669 972 770 1026 essent
790 964 972 1043 ferocissimi.
1012 961 1056 1021 ita

116 1061 193 1123 enim
213 1061 261 1135 ut,
278 1068 321 1135 ut,
350 1067 401 1142 qui
422 1052 610 1129 exhortantes
627 1062 673 1131 ¹et
703 1065 919 1144 redarguentes
952 1061 1056 1136 uehunt

115 1161 235 1242 audire,
261 1168 406 1241 cogantur
426 1169 538 1225 sentire
557 1185 610 1226 nos
633 1170 751 1227 orantes
773 1171 815 1241 ¹et
836 1164 999 1227 eumentes
1018 1159 1056 1221 ed

116 1258 265 1322 dominum
283 1280 339 1342 pro
361 1265 593 1326 sanctificatione
614 1267 738 1326 nominis
759 1267 853 1345 ipsius
877 1266 907 1323 ot
927 1261 1056 1322 adventu

114 1362 199 1438 regni
220 1361 294 1438 ejus.

195 1460 280 1523 llaec
299 1466 346 1522 est
365 1465 413 1546 ria
432 1465 534 1525 unica
541 1465 579 1525 ad
599 1437 757 1537 victoriam,
778 1471 821 1535 ut,
840 1439 902 1523 etsi
925 1461 965 1521 ad
986 1464 1056 1520 tem·

115 1562 350 1638 possideantur
378 1568 566 1648 superiores,
597 1570 698 1631 temen
728 1566 917 1624 eradicentur
937 1560 1057 1622 tandein

115 1661 289 1739 pestitentes
311 1665 440 1745 linguae.
481 1666 584 1743 itaque
612 1669 761 1747 sapienter
792 1663 940 1744 agendum
961 1666 1008 1722 est
1029 1663 1064 1719 et,

71 1830 76 1841 Ι
117 1768 204 1820 caute
225 1765 255 1821 in
273 1763 331 1823 hoc
350 1766 497 1844 periculo,
520 1786 556 1826 ac
577 1767 669 1825 omnis
692 1765 857 1844 objicienda
883 1763 993 1826 fiducie
1013 1779 1059 1821 sn·

116 1863 245 1937 pientiae
266 1865 393 1935 nostrae,
415 1867 529 1925 etiamsi
549 1868 671 1927 verbum
683 1864 740 1925 Dei
761 1866 811 1936 sit,
832 1861 912 1941 quod
932 1878 988 1939 pro
1009 1878 1058 1919 no·

117 1961 162 2019 bis
184 1961 334 2022 habemus.
377 1964 443 2023 Non·
473 1966 550 2024 enim
570 1984 736 2045 pugnamus
764 1969 870 2027 contra
890 1968 1010 2023 aunem
1028 1964 1059 2019 ot

117 2063 304 2140 sanguinem,
326 2062 381 2122 sed
411 2068 523 2145 contra
547 2068 695 2141 nequitias
719 2062 901 2145 spirituales.
944 2059 1058 2126 uncini

118 2161 263 2241 agendum
285 2167 411 2222 tantum·
424 2168 504 2225 essct
524 2182 591 2224 cum
612 2185 700 2226 carne
720 2172 750 2227 et
771 2164 922 2242 sanguine,
944 2163 988 2241 sic
1009 2179 1058 2230 no·

116 2266 182 2322 stra
213 2261 354 2323 vellemus
384 2265 500 2324 munire
531 2268 562 2324 et
583 2264 700 2327 firmare
719 2267 901 2336 rationibus,
932 2266 967 2322 ut
986 2258 1058 2339 nihil

117 2367 219 2441 posset
249 2364 421 2424 contradici
460 2364 546 2425 Nunc
578 2371 677 2427 autem
698 2370 755 2428 hoc
775 2367 958 2446 experimur,
992 2379 1057 2423 cnm

117 2465 280 2529 rationibus
310 2470 341 2524 et
368 2466 535 2545 scripturas
562 2469 739 2527 auctoritate
768 2466 894 2525 convicti
915 2467 992 2534 sunt,
1014 2465 1058 2521 tar

117 2583 185 2623 mon
209 2567 402 2644 pertinaciter
426 2569 557 2627 retinent
583 2558 712 2627 errorem
746 2584 849 2637 suum,
882 2567 913 2623 et
928 2564 973 2621 ·in
1003 2563 1058 2622 hoc
1085 2634 1089 2645 Ι

116 2667 234 2723 unicum
256 2667 443 2738 incumbunt,
464 2669 608 2744 quomodo
630 2688 697 2728 eum
716 2664 889 2736 defendere,
918 2666 952 2721 et
971 2678 1059 2738 quarn

117 2763 259 2825 letissime
290 2784 458 2847 propagare
486 2771 611 2847 possint.
653 2768 757 2845 ltaque
790 2764 870 2824 soleo
901 2764 1059 2841 peccatum

117 2884 218 2925 eorum
242 2884 414 2945 comparare
443 2887 510 2928 eum
528 2874 652 2947 peccato
671 2866 777 2929 Judae
819 2864 847 2923 is
879 2879 939 2921 non
960 2858 1061 2939 potuit

117 2986 259 3027 excusare
286 2968 438 3027 consilium
458 2968 647 3048 proditionis,
676 2965 756 3044 quod
786 2968 890 3024 contra
909 2960 1061 3027 Christum

117 3072 255 3145 ceperat,⁴
268 3072 299 3127 et
319 3072 418 3128 umen
438 3071 583 3147 pergebat
602 3069 634 3128 id
655 3065 791 3143 exsequi,
814 3064 857 3122 sic
878 3061 955 3120 enim
974 3077 1062 3137 urge·

116 3169 169 3227 bnt
191 3186 256 3227 oum
278 3169 379 3227 Satan.
421 3150 470 3227 ‘Ad
490 3170 570 3243 inune
600 3170 688 3250 plane
708 3166 826 3226 modum
848 3165 941 3221 Satan
961 3162 1063 3217 aucto·

116 3288 165 3329 res
184 3270 341 3347 impiorum
354 3268 524 3347 dogmatum
537 3271 628 3332 semei
639 3269 839 3351 apprehensos
859 3280 919 3323 non
932 3258 1062 3329 dimittit,

117 3388 173 3430 nec
187 3370 345 3446 quiescere
370 3372 493 3449 patitur.

104 3500 106 3507 v
200 3470 282 3550 Ergo
309 3472 402 3530 oratio
431 3473 570 3534 addenda
597 3479 660 3547 est,
693 3487 764 3551 ergo
793 3464 924 3526 oratione
943 3455 1063 3539 potissi·

113 3590 196 3658 'mum
226 3570 420 3650 pugnandum
453 3579 515 3646 est,
558 3577 636 3636 sicut
664 3570 761 3634 David
787 3567 836 3625 iric
861 3557 1070 3643 pulcherrimo·

168 3686 202 3754 ὃ)
222 3689 327 3739 contro
345 3682 479 3743 Satanan
498 3692 649 3763 praecipuo
668 3682 843 3763 pogonatum
861 3676 1000 3743 orations.

163 3888 166 3893 ’
225 3885 289 4004 'a
