2190 4064
343 154 348 166 ·
370 88 531 197 'lusim-
548 132 713 195 enen„
977 132 1020 195 ιι

68 308 114 327 ···
138 270 320 363 :tinnulum
339 293 428 350 voest
448 282 567 369 rogoin,
593 286 787 367 pninsip'om,r
800 272 1018 373 megistmtom.

66 399 174 460 Parvo
192 398 269 456 euim
283 393 429 456 vocabulo
448 410 497 453 ros
513 391 642 472 grandes
663 396 841 452 otsummos
854 392 892 448 ¹in
907 389 1019 449 monito

67 503 291 582 complectitur.
333 501 391 560 list
418 500 495 559 onim
516 496 599 558 Deus
627 516 752 576 mugnus
780 495 932 567 dominus,
966 493 1019 570 qul
1050 522 1053 527 ¹

67 607 204 685 emplum
236 625 269 665 os
289 605 394 675 hebet,
428 610 459 664 et
480 590 605 663 exilibus
625 605 722 663 verbis
745 586 948 671 solennibus
968 618 1019 660 res
1075 645 1079 661 ,

68 714 158 772 nobis
178 713 320 771 monimus
348 710 443 770 effert
481 698 703 788 “Reges-igitur
731 712 761 766 et
790 708 942 789 principes
963 724 1016 766 ou-

64 816 174 875 stodes
197 814 345 895 appellat,
384 816 434 890 qui
461 814 614 873 constituti
641 818 713 872 sunt
739 811 777 870 eil
808 811 1019 891 gubernendo!

65 919 269 998 respublicas.
310 919 372 977 Sed
392 919 506 978 inostro
526 912 658 994 vigilent,
679 916 787 993 inqult;
804 916 861 975 nisi
882 915 1020 976 (lominus

65 1026 138 1103 ipse
165 1024 257 1094 adsit,
286 1041 343 1082 neo
363 1025 540 1102 perveniunt
568 1022 670 1082 labore
699 1003 862 1082 etlsudore
882 1026 937 1081 s‘uo
958 1038 1018 1097 quo

68 1128 189 1197 volunt,
202 1106 268 1186 ‘ssd
290 1129 314 1187 sl
336 1128 471 1187 dominus
493 1130 585 1198 obsit,
611 1127 684 1186 nihil
705 1126 787 1186 uliud
807 1126 877 1186 indo
898 1127 1019 1197 hebent,

66 1253 161 1310 quem
184 1233 263 1310 quod
284 1252 317 1292 se
337 1235 450 1292 inustos
476 1231 655 1311 crucifigunt
675 1236 706 1291 et
726 1231 888 1310 flagellent.
929 1231 1020 1297 Quod

65 1339 219 1419 prophete
247 1339 308 1396 suis
331 1340 429 1398 verbis
456 1338 529 1397 ‹lieit
554 1338 669 1397 irustre
691 1337 836 1396 laborare.
880 1337 1018 1415 Sioego,

65 1464 139 1505 eum
161 1462 257 1502 essem
276 1444 473 1515 odoleseeus,-
494 1444 555 1502 vidi
583 1442 742 1519 quosdam,
770 1443 821 1517 qni
842 1441 894 1500 din'
914 1445 1019 1501 noetu-
1061 1432 1065 1457 ¹

64 1568 130 1627 que
159 1549 279 1608 assiduo
305 1549 408 1609 labore
436 1568 467 1609 se
484 1540 671 1628 'fatigabant
703 1564 801 1623 neque
828 1530 1019 1606 simoninus

65 1655 298 1733 suppeditabat,
336 1655 416 1714 undo
444 1654 619 1714 tolerarent¹
640 1654 760 1712 vitem.·'
795 1652 923 1725 Nullum,
942 1654 1018 1728 ·0n,o,·

65 1759 187 1818 nullum
222 1759 294 1818 ludo
325 1761 498 1820 tribuebant
532 1763 665 1838 tempus,
692 1762 740 1817 'et
778 1763 889 1818 tomen·
910 1758 1019 1818 misene

64 1865 202 1942 egebunt
223 1883 291 1923 eum
319 1882 409 1923 uxore
431 1868 462 1923 st
483 1862 593 1923 liberis.
642 1863 706 1922 Hos
735 1874 802 1924 eum
820 1863 873 1922 olii
900 1846 1018 1942 petresss

65 1968 197 2027 {amilius
225 1968 367 2028 lautiores
387 1970 539 2040 viderent,
575 1976 606 2027 et
626 1958 762 2030 dolelsnt
791 1970 882 2029 vieem
906 1988 1018 2042 eorum,

65 2074 271 2135 admonebant
291 2092 350 2145 eos,
369 2092 521 2163 nunquam
546 2074 618 2144 iore,
639 2079 674 2134 ut
695 2075 796 2136 labore
819 2077 876 2135 isto
897 2075 1018 2136 assiduo

66 2160 268 2253 ditescerent,
300 2178 497 2238 adhibendam
524 2178 702 2240 industriam
730 2182 768 2240 od
790 2156 920 2242 laborem
943 2201 1018 2256 esse,

65 2286 100 2343 io
121 2302 158 2342 eo
178 2282 247 2362 plus
262 2286 393 2363 positum
415 2284 453 2343 od
473 2285 630 2363 petendos
645 2303 726 2364 opes,
747 2304 836 2363 quom
854 2289 886 2345 in
906 2287 1017 2348 labore.
1040 2282 1044 2289 ’

66 2390 144 2448 Nem
164 2408 349 2461 oeconomus,
371 2393 475 2467 inquo
496 2390 650 2469 paululum
667 2382 769 2450 modo
775 2388 941 2451 industrius
962 2396 1017 2464 ssi3

66 2496 177 2554 melius
205 2490 250 2554 uti
280 2514 340 2555 uno
373 2514 479 2566 aureo,
522 2514 611 2571 quom
644 2496 719 2554 elius
748 2496 864 2556 (luobus
906 2500 1017 2575 potest.

66 2601 187 2659 Nature
216 2603 293 2659 enim
326 2601 369 2660 sie
404 2607 608 2680 computatum
641 2605 701 2673 est,
736 2608 770 2703 ut
802 2603 950 2664 industrio
978 2602 1019 2665 sit

66 2705 192 2764 felicior

153 2810 216 2868 Sed
236 2810 307 2869 illi'
299 2813 371 2889 ipsi,
394 2813 445 2888 qui
464 2813 522 2870 hoo
541 2812 694 2873 eonsilium
716 2813 827 2873 dobant
848 2810 906 2871 illis
929 2832 1018 2893 egen-

65 2916 169 2986 tibus,
202 2934 261 2973 non
287 2917 442 2988 videbant,
475 2917 653 2977 industriam
681 2936 800 2996 quoque
828 2918 937 2977 donum
959 2918 1017 2980 Dei

67 3039 152 3091 esso,
182 3026 213 3079 ei
234 3021 374 3081 diuinitus
396 3024 504 3081 homini
527 3025 646 3094 donari,
672 3025 750 3085 sieut
771 3029 910 3102 eppsret,
935 3008 1022 3103 ιῘιιοιῐΙ

64 3126 178 3184 mulier
206 3128 304 3204 perite
341 3129 526 3197 oeconomiae
558 3134 588 3187 et
619 3128 863 3189 industriosius
860 3133 1016 3193 sumtibus

65 3235 167 3290 totum
188 3248 310 3289 annum
318 3251 385 3291 eum
399 3232 516 3293 familie
531 3251 585 3292 sno
606 3234 685 3304 vivit,
707 3235 756 3310 qui
779 3235 828 3295 olii
850 3255 908 3297 non
929 3236 1019 3329 inclu-¹

64 3338 162 3396 striae
185 3337 232 3393 vin
259 3343 456 3417 suppeterent
483 3338 520 3396 od
546 3342 714 3397 semestre..
738 3339 807 3401 ldeo
829 3347 928 3402 eutem
949 3348 1018 3403 ton

65 3450 133 3500 ium
155 3444 294 3501 momenti
322 3445 353 3500 in
376 3442 524 3501 industrio
545 3447 592 3502 est
612 3445 755 3535 positum,
778 3444 857 3523 quod
877 3450 1020 3519 obsorimt·

62 3552 267 3626 personeset
288 3547 354 3606 loco
377 3553 407 3608 et
428 3554 577 3626 temporo,
601 3569 698 3627 neque
720 3551 1019 3628 quidquem'temero'

63 3652 141 3730 agit.
190 3650 284 3711 lieee'
297 3655 347 3728 qui
366 3673 427 3713 oon
449 3657 622 3726 observent,
642 3655 699 3716 ‘vel
718 3634 1022 3723 iustissumo-”uel
