2204 4058
122 222 185 285 236
436 221 751 297 'l‘roeieeilones

122 378 212 436 etiam
232 379 337 435 serent
356 376 447 436 verbo
468 382 500 437 et
518 378 765 457 promissionibus
783 374 863 438 liert
891 376 1047 459 Ergo-puro
1092 419 1102 482 1

120 494 220 549 mens,
249 492 336 552 quom
358 476 490 555 cogitent
510 480 542 537 et
570 476 609 536 de
637 496 696 555 qua
725 476 882 556 disputant
908 476 978 566 ilb,
993 491 1048 555 up,
1061 488 1067 550 ’,
1098 515 1102 570 p

119 576 224 654 religio
245 580 277 634 et
297 576 401 647 omnin,
423 594 499 653 quoe
519 576 638 649 hubent,
660 582 731 637 sunt
751 576 887 658 protono,
908 566 978 655 ¹(puio
994 575 1060 639 sut

119 676 186 737 sino
205 677 297 735 uerbo
317 675 382 733 Dei.
996 709 1009 736 ··
1026 709 1048 738 e

203 776 254 835 Sic
274 780 404 855 popalus
425 796 483 837 nou
504 780 605 857 potest
626 778 718 836 everti
747 776 777 835 in
805 794 886 853 uque
912 776 1075 847 bonulus,

120 876 152 936 οὗ
179 874 242 935 sale
269 874 442 948 benedicto,
470 878 548 936 sicut
577 878 727 958 sopientes
757 876 799 937 illi
825 878 990 957 putabunt,
1015 876 1072 953 qul-

119 975 193 1035 uihil
215 974 297 1033 aliud
317 979 457 1054 poterent
485 975 606 1047 offerre,
635 996 724 1052 quum
751 977 846 1035 salem'
873 996 942 1035 esse
968 976 1060 1047 solem

120 1093 228 1151 uquam
249 1092 315 1133 esse
336 1092 458 1149 aquam,
487 1094 557 1153 erpo
585 1076 657 1134 nihil
684 1094 773 1156 posse
794 1076 894 1135 lucere
913 1076 956 1135 ud
981 1077 1063 1136 bono·

119 1175 276 1234 dictionem
300 1175 403 1245 enimi,
432 1176 503 1233 item
523 1194 660 1234 rasurum
681 1178 712 1233 in
733 1176 875 1235 monacho
897 1194 966 1235 osse
985 1192 1064 1235 rusu-

117 1293 182 1333 rom
204 1274 325 1352 cepitis,
348 1290 418 1351 ergo
443 1274 482 1332 ud
501 1276 643 1352 pictatem
664 1276 737 1335 nillil
757 1294 846 1354 posse
864 1276 976 1335 lucere.
1002 1274 1088 1335 llor'

119 1378 165 1433 est
185 1373 283 1432 ridere
303 1373 510 1433 monachatum
531 1378 561 1432 ct
581 1376 815 1434 benedictionem
836 1373 916 1433 illnnr
929 1378 1087 1454 papatu,

118 1474 173 1535 sed
194 1493 252 1533 non
272 1472 386 1536 tollere.
430 1475 482 1532 Sic
503 1478 603 1533 autern
624 1474 771 1533 tolluntur
791 1480 865 1545 isto,
888 1492 959 1534 eum
981 1492 1070 1551 quur·

117 1577 202 1646 ritus,
224 1576 275 1633 ubi
297 1576 336 1633 sit
356 1576 512 1653 promissio
533 1575 589 1658 Dei
611 1593 751 1647 rasrrruc,
773 1574 828 1633 soli
849 1572 893 1631 illi
915 1578 948 1634 et
973 1553 1089 1653 oqusos

118 1675 242 1735 udditoi
263 1676 315 1733 ubi
337 1676 392 1745 sit,
415 1676 493 1751 quod
513 1674 610 1744 David
632 1674 718 1733 dicit:
747 1670 911 1744 ,‚Lnetotus
941 1694 1010 1735 sum
1037 1675 1094 1750 iu,

117 1774 179 1847 his,
202 1794 278 1851 quoe
294 1775 374 1833 dieto
395 1779 465 1833 sunt
485 1775 595 1833 milri‘l
634 1776 759 1853 oporiet
779 1773 872 1841 enim,
901 1778 939 1834 ut
952 1774 1067 1834 'nebus

117 1874 265 1934 dicentem
287 1873 442 1945 derceio,
464 1875 520 1933 hoc
541 1879 595 1946 ost,
616 1875 770 1953 jubentem
792 1877 828 1939 ot¹
843 1874 1072 1963 promittentent-

106 1971 228 2044 ‘Deum‚
256 1974 336 2031 hune
365 1973 389 2030 si
419 1990 477 2030 non
505 1973 612 2043 habes,
641 1974 755 2031 frusino
775 1977 836 2045 est,
864 1972 1015 2051 quidquid
1033 1976 1067 2057 tu
1085 2000 1093 2037 ,·

116 2073 257 2131 instituis.
300 2072 332 2130 ln
354 2070 446 2129 oeulis
468 2074 528 2131 tuis
549 2074 638 2132 hebet
655 2074 784 2151 speciem
804 2074 849 2133 sie
868 2072 957 2147 rodi,
978 2073 1094 2134 babet*

117 2172 248 2251 speciem
269 2171 325 2230 sali
353 2175 383 2230 et
411 2190 507 2249 oquae
535 2173 685 2245 benedici:
713 2172 767 2231 sed
793 2176 830 2233 tu
857 2190 918 2232 uon
947 2189 1000 2245 es,
1028 2157 1076 2233 do

117 2291 175 2349 quo
199 2272 348 2351 scripturo
370 2272 459 2331 dicit:
480 2272 548 2351 lpse
570 2272 641 2331 dixit
664 2277 694 2331 et
711 2273 791 2344 lacto
812 2275 890 2343 suut,
911 2272 1067 2334 mandevit

118 2378 148 2433 et
168 2377 270 2432 creole
291 2375 369 2431 sunt.
413 2373 463 2429 Sic
484 2372 666 2431 ludaeorum
693 2372 833 2431 sacerdos
858 2370 993 2433 hubelini
1017 2392 1068 2445 ro·
1095 2393 1098 2400 ’

116 2474 219 2533 stitum
243 2490 345 2543 suum,
374 2472 505 2550 gentium
533 2473 702 2533 secerdotes
737 2472 865 2533 fortasse
898 2474 1067 2535 vestierunt

116 2576 169 2631 rut
190 2571 376 2652 splendidius
398 2576 450 2631 out
471 2572 642 2651 simplicius.
683 2573 743 2632 llic
764 2590 827 2631 -non
854 2571 966 2646 refert„
993 2572 1066 2651 quid
1082 2587 1101 2630 ⁴·

106 2673 190 2731 ‚ratio
208 2670 332 2749 judicet,
354 2671 408 2729 sod
429 2672 484 2731 hoe
506 2672 751 2733 considerandum
774 2676 830 2743 est,
852 2672 934 2747 quod
954 2674 1065 2739 Judnol

114 2771 213 2831 diuino
255 2770 394 2831 mandato
429 2773 559 2831 vestiunt
596 2772 781 2832 sacerdotem
817 2760 921 2843 suum,
947 2777 1064 2855 ,gmon
1083 2751 1097 2847 ι’

113 2891 173 2932 non
194 2871 317 2931 verbum
337 2868 411 2941 Ilei,
439 2870 493 2929 sed
521 2884 605 2930 suom
625 2873 770 2930 rationem
790 2869 972 2949 sequuntur.-
1012 2873 1065 2935 Sio

113 2975 244 3051 pepotus
265 2970 328 3029 lere
349 2970 422 3029 nibil
442 2974 489 3031 ost
515 2988 613 3047 quom
629 2990 727 3050 nugae
754 2970 823 3029 illoe
852 2958 1070 3051 ungendum·

114 3070 302 3132 secerdotum
325 3069 422 3147 (sicut
442 3070 500 3149 ipsi
520 3078 641 3141 vocent,
663 3090 730 3131 eum
754 3070 784 3129 in
804 3088 879 3129 novo
895 3074 1065 3143 ,testemon-
1090 3074 1098 3126 “.

112 3178 145 3232 to
166 3168 197 3229 id
217 3187 323 3229 nomeu
343 3171 452 3229 nemini
473 3170 529 3230 nisi
549 3172 601 3229 uni
623 3172 741 3230 Christo
762 3168 952 3247 tribuetur),
973 3171 1065 3233 uesti-

112 3289 179 3341 um,
201 3268 396 3349 templorum‚
416 3288 562 3331 vesorum.
605 3260 800 3350 Urgebantur
821 3270 976 3337 outemzin
994 3270 1063 3352 iope
1089 3297 1094 3305 ·

113 3389 232 3448 quotque
254 3369 439 3441 sacerdotes,
459 3375 572 3441 restes,
594 3369 754 3448 templum,
774 3389 846 3431 rosa
864 3369 986 3449 templi,
1007 3370 1063 3432 sod

113 3472 211 3533 nostri·
235 3472 350 3548 ungunt
379 3470 442 3529 sine
470 3470 608 3529 mandute
634 3470 707 3529 liei:
741 3470 784 3530 illi
813 3460 965 3532 iaciebant
993 3452 1083 3533 orrum¹

112 3571 259 3633 mnmloto.
303 3568 381 3629 llinc
408 3570 588 3631 ludaeorum
623 3570 723 3629 tinctio
751 3570 809 3630 luit
833 3570 865 3636 in
887 3573 1062 3653 conspeetu

113 3675 205 3735 totius
226 3668 368 3735 ecclesius
390 3672 421 3729 ct
441 3668 612 3749 angolorum
633 3670 890 3749 praestantissimo
909 3688 1061 3769 Qum
