2190 4064
27 162 31 169 ·
96 148 137 211 ao
447 120 674 211 'Erariat'io

95 299 137 363 ra
156 278 268 378 uait).
315 298 583 364 nocumentum
611 303 726 365 mnae
753 286 1032 367 euea'rnasa·
1060 310 1065 319 ·

20 412 25 425 ·
95 406 289 492 praedicatus
309 423 366 485 per
385 425 419 467 os
440 414 471 467 at
491 407 777 488 tinguamnoatram.
810 409 919 471 ¹l’orro
939 414 1032 491 gene

47 519 50 524 ’
95 510 254 595 nonnullo
276 511 528 587 modoiacereni,
561 532 616 575 nee
645 515 792 574 haberent
812 532 871 593 pro
893 514 1033 586 beneduo,

95 617 155 675 uisi
175 618 231 695 ipsi
254 601 372 693 qnoque
393 619 459 696 eJ'us
481 618 616 697 beneficii
637 621 930 699 essentparticipes.
966 598 1034 679 ¹Gn·

96 723 190 802 igitur
210 721 342 799 Spiritus
365 727 487 782 sanctus
509 722 589 784 dicat
610 716 918 804 nos'praedicaturos
945 730 976 783 et
993 722 1035 783 sd

70 811 73 817 ¹
96 828 255 886 miraturos
278 826 333 884 hoc
355 827 529 907 beneficium
557 828 673 911 solutae
701 828 888 907 captivitatis
918 828 1037 891 Judaeu-

96 931 360 1017 rum,'maniieste
381 931 531 1010 significat
550 932 749 1012 eiiam'hnjus
769 934 963 993 liberationis
978 952 1038 1014 par-

98 1038 204 1117 ticipes
231 1036 309 1107 iore,
337 1039 415 1097 siem
435 1038 574 1099 Christus
601 1041 632 1099 in
660 1037 813 1119 evangelio
835 1038 929 1099 dicite
969 1030 1039 1112 ,Ὢῶ

96 1143 128 1203 in
148 1144 265 1202 nomine
286 1158 351 1200 meo
372 1141 444 1201 iacit
465 1143 614 1219 virtutem,
635 1162 692 1204 non
714 1148 761 1204 est
783 1151 894 1213 contra
917 1163 974 1216 me,
992 1142 1038 1204 sed

70 1264 157 1330 ,pro
172 1253 248 1307 nra“
289 1246 337 1305 Ad
357 1246 437 1306 hunc
454 1248 572 1307 modum
595 1248 674 1321 dicit,
695 1253 801 1328 gentes
823 1257 949 1327 quoque
966 1248 1040 1309 ittam

97 1352 311 1413 redemtionem
334 1350 370 1412 de
392 1358 487 1413 morte
508 1358 538 1412 et
564 1362 688 1433 peccato
716 1353 952 1434 praedicaturus
973 1372 1039 1443 asse,

41 1497 44 1502 -
98 1460 177 1520 sicut
196 1459 273 1517 idem
296 1462 445 1519 testantur
466 1456 590 1518 aliorum
610 1459 673 1519 iere
688 1460 816 1519 omnium
829 1458 1041 1540 prophetarum

98 1566 275 1626 testimonia.
316 1563 481 1623 Zachariae
508 1565 538 1625 8.
567 1569 646 1636 ests
669 1565 748 1641 quod
782 1540 888 1625 decem
926 1568 982 1626 riri
1011 1584 1042 1627 os

31 1738 34 1743 ¹
99 1671 233 1732 omnibus
263 1669 372 1748 linguis
407 1670 538 1748 gentium
559 1669 785 1750 apprehendent
815 1668 966 1731 fimbriam
991 1672 1043 1735 siri

97 1778 204 1841 ludaei
238 1778 384 1836 dicentes:
426 1777 552 1847 „ibimus
574 1777 740 1844 vobiscum,
762 1774 934 1835 audirimus
961 1777 1041 1847 aniu,

98 1885 234 1962 qnoniam
250 1882 331 1941 Deus
352 1883 502 1939 vobiscum
526 1885 599 1940 est.“
641 1881 699 1941 Hic
718 1880 803 1940 locus
824 1882 913 1957 quasi
935 1902 972 1943 er
989 1882 1041 1942 boe

97 1987 213 2069 psaimo
226 1987 344 2044 videtur
355 1987 555 2068 transcriptus
577 2006 651 2045 esse.
680 1988 730 2045 Sic
744 1985 852 2045 Esaiae
864 1988 963 2066 primo
971 1983 1041 2070 [ῆι

97 2091 275 2169 „Continent
296 2089 335 2150 ad
355 2094 492 2149 montem·
505 2089 614 2149 domini
637 2093 737 2149 oinnes
757 2084 879 2171 gentes,
907 2102 941 2154 et
963 2096 1042 2153 ibunt

51 2254 66 2277 ,,
97 2196 201 2278 populi
222 2195 307 2254 multi
335 2199 366 2255 et
379 2193 498 2254 dicent:
542 2193 645 2255 Venite
666 2195 886 2256 adscendamus
908 2199 950 2257 ad
966 2217 1042 2265 mor-

98 2308 162 2371 tem.
182 2300 307 2375 domini,
329 2304 360 2360 et
381 2300 419 2360 ad
441 2299 558 2361 domum
579 2300 636 2361 Dei
657 2301 767 2372 Jacob,
796 2307 828 2362 et
849 2303 972 2364 docebit
992 2321 1043 2364 nos
1083 2320 1085 2331 ·

98 2406 161 2471 risa
182 2426 267 2478 suas,
289 2410 320 2465 et
341 2406 554 2467 ambulabimus
576 2409 607 2465 in
628 2408 739 2466 semitis
762 2407 827 2484 ejus
849 2387 929 2469 otc'.“

102 2542 106 2548 ,
180 2513 264 2573 Haec
285 2513 324 2571 ad
339 2516 470 2572 nostram
490 2511 717 2573 consolationem
739 2511 906 2590 pertinent,
928 2512 983 2591 qni
1001 2532 1044 2575 se·
1081 2504 1085 2523 ⁴

100 2619 230 2682 cundum
246 2636 365 2677 carnem
387 2635 445 2675 non
459 2636 561 2677 sumus
577 2637 676 2677 semen
688 2614 835 2687 Abrahae,
846 2618 940 2693 ,qnod
955 2638 1043 2697 quan·
1083 2598 1085 2625 Ι

100 2743 189 2803 quarn
212 2722 367 2801 promissio
388 2722 472 2780 nobis
494 2740 552 2781 non
574 2723 653 2782 iacta
674 2732 735 2792 est,
766 2726 865 2780 tamen
888 2728 1055 2801 postquam.

100 2828 221 2907 impleta
242 2832 302 2896 est,
325 2844 377 2883 uos
399 2825 464 2901 ejus
485 2826 638 2887 reddimur
658 2826 837 2907 participes,
871 2827 926 2886 sed
949 2832 1052 2889 tamen'

99 2951 155 3013 per
165 2931 310 3002 iudaeos,
333 2929 495 2989 secundum
510 2933 712 3008 promissionis
728 2934 832 2991 rerba:
861 2933 914 3003 „in
936 2936 1044 2995 semiue

99 3043 151 3096 tuo
173 3035 387 3094 benedicentur
409 3051 509 3092 omues
531 3040 635 3112 gentes
643 3041 669 3107 ,“
698 3041 729 3095 ei
752 3036 908 3099 Christus:
939 3040 1043 3112 „Satur

37 3210 42 3216 p
99 3161 134 3200 er
153 3139 276 3199 iudaeis
298 3143 372 3195 est.“
414 3124 536 3194 (tortum
563 3138 656 3216 igitur
684 3150 744 3212 est,
775 3160 829 3200 nos
851 3149 960 3222 gentos
981 3162 1044 3225 per·

98 3247 194 3306 tinere
216 3243 254 3302 ad
276 3241 355 3300 illam
378 3241 602 3312 redemtionem,
632 3244 745 3301 etiamsi
768 3246 853 3306 uobis
876 3268 936 3309 non
958 3250 1041 3309 neue

98 3353 196 3413 butor.
240 3347 329 3407 Nobis
352 3348 428 3405 enim
449 3362 508 3402 uon
530 3343 766 3423 fuitpromissa,
798 3351 852 3409 sed
876 3352 1041 3413 arnoiseri·

100 3434 202 3519 cordia
219 3451 341 3526 contigit
361 3468 418 3530 per
443 3450 537 3535 risum
549 3433 640 3508 ,mum
661 3452 883 3529 praedicatum,
918 3474 979 3517 nou
998 3446 1038 3517 so·

101 3589 306 3608 unt—⁶⁸·—

100 3735 103 3740 .
170 3669 204 3739 1)
221 3668 328 3722 tientes
349 3664 503 3735 participas
523 3659 605 3728 bojas
627 3645 822 3719 redemtionis.
