<?xml version="1.0" encoding="UTF-8"?>
<!DOCTYPE html PUBLIC "-//W3C//DTD XHTML 1.0 Transitional//EN"
    "http://www.w3.org/TR/xhtml1/DTD/xhtml1-transitional.dtd">
<html xmlns="http://www.w3.org/1999/xhtml" xml:lang="en" lang="en">
 <head>
  <title>
</title>
<meta http-equiv="Content-Type" content="text/html;charset=utf-8" />
  <meta name='ocr-system' content='tesseract 3.04.00' />
  <meta name='ocr-capabilities' content='ocr_page ocr_carea ocr_par ocr_line ocrx_word'/>
</head>
<body>
  <div class='ocr_page' id='page_1' title='image "./exegeticaoperal04luthgoog_0485.png"; bbox 0 0 2190 4064; ppageno 0'>
   <div class='ocr_carea' id='block_1_1' title="bbox 69 110 651 179">
    <p class='ocr_par' dir='ltr' id='par_1_1' title="bbox 69 110 651 179">
     <span class='ocr_line' id='line_1_1' title="bbox 69 110 651 179; baseline -0.003 -4"><span class='ocrx_word' id='word_1_1' title='bbox 69 116 128 175; x_wconf 74' lang='lat' dir='ltr'><strong>we</strong></span> <span class='ocrx_word' id='word_1_2' title='bbox 270 124 288 179; x_wconf 73' lang='lat'><strong>,¹</strong></span> <span class='ocrx_word' id='word_1_3' title='bbox 441 110 651 179; x_wconf 78' lang='lat' dir='ltr'><strong>Enarrntio</strong></span> 
     </span>
    </p>
   </div>
   <div class='ocr_carea' id='block_1_2' title="bbox 45 244 1053 3507">
    <p class='ocr_par' dir='ltr' id='par_1_2' title="bbox 45 244 1053 3507">
     <span class='ocr_line' id='line_1_2' title="bbox 64 244 1016 349; baseline 0.002 -24"><span class='ocrx_word' id='word_1_4' title='bbox 64 262 255 337; x_wconf 81' lang='lat' dir='ltr'><strong>monanhn&#39;m,</strong></span> <span class='ocrx_word' id='word_1_5' title='bbox 277 267 355 324; x_wconf 86' lang='lat' dir='ltr'><strong>inter</strong></span> <span class='ocrx_word' id='word_1_6' title='bbox 375 262 546 325; x_wconf 71' lang='lat' dir='ltr'>heremitam</span> <span class='ocrx_word' id='word_1_7' title='bbox 569 271 601 325; x_wconf 86' lang='lat' dir='ltr'><strong>ei</strong></span> <span class='ocrx_word' id='word_1_8' title='bbox 623 267 736 337; x_wconf 86' lang='lat' dir='ltr'><strong>civem,</strong></span> <span class='ocrx_word' id='word_1_9' title='bbox 758 256 844 329; x_wconf 82' lang='lat' dir='ltr'><strong>inter</strong></span> <span class='ocrx_word' id='word_1_10' title='bbox 857 244 1016 349; x_wconf 66' lang='lat' dir='ltr'><strong>principa</strong></span> 
     </span>
     <span class='ocr_line' id='line_1_3' title="bbox 64 366 1017 455; baseline 0.005 -28"><span class='ocrx_word' id='word_1_11' title='bbox 64 374 96 431; x_wconf 81' lang='lat' dir='ltr'><strong>et</strong></span> <span class='ocrx_word' id='word_1_12' title='bbox 117 370 286 455; x_wconf 65' lang='lat' dir='ltr'><strong>agricolano.</strong></span> <span class='ocrx_word' id='word_1_13' title='bbox 328 368 412 428; x_wconf 85' lang='lat' dir='ltr'><strong>Haec</strong></span> <span class='ocrx_word' id='word_1_14' title='bbox 432 374 509 433; x_wconf 86' lang='lat' dir='ltr'><strong>enim</strong></span> <span class='ocrx_word' id='word_1_15' title='bbox 530 366 697 431; x_wconf 74' lang='lat' dir='ltr'><strong>differentia</strong></span> <span class='ocrx_word' id='word_1_16' title='bbox 719 372 931 433; x_wconf 85' lang='lat' dir='ltr'><strong>conditionum</strong></span> <span class='ocrx_word' id='word_1_17' title='bbox 949 372 1017 443; x_wconf 74' lang='lat' dir='ltr'><strong>nihil</strong></span> 
     </span>
     <span class='ocr_line' id='line_1_4' title="bbox 65 476 1014 563; baseline 0 -27"><span class='ocrx_word' id='word_1_18' title='bbox 65 476 202 536; x_wconf 80' lang='lat' dir='ltr'><strong>sublevat</strong></span> <span class='ocrx_word' id='word_1_19' title='bbox 230 476 360 535; x_wconf 85' lang='lat' dir='ltr'><strong>homines</strong></span> <span class='ocrx_word' id='word_1_20' title='bbox 383 476 543 555; x_wconf 80' lang='lat' dir='ltr'><strong>injudicio</strong></span> <span class='ocrx_word' id='word_1_21' title='bbox 566 476 637 548; x_wconf 87' lang='lat' dir='ltr'><strong>Dei,</strong></span> <span class='ocrx_word' id='word_1_22' title='bbox 669 477 727 536; x_wconf 87' lang='lat' dir='ltr'><strong>hoc</strong></span> <span class='ocrx_word' id='word_1_23' title='bbox 749 481 857 563; x_wconf 76' lang='lat' dir='ltr'><strong>eutem</strong></span> <span class='ocrx_word' id='word_1_24' title='bbox 879 477 1014 549; x_wconf 77' lang='lat' dir='ltr'><strong>sublevet,</strong></span> 
     </span>
     <span class='ocr_line' id='line_1_5' title="bbox 65 564 1013 659; baseline 0.002 -20"><span class='ocrx_word' id='word_1_25' title='bbox 65 580 146 658; x_wconf 82' lang='lat' dir='ltr'><strong>qnod</strong></span> <span class='ocrx_word' id='word_1_26' title='bbox 172 564 298 659; x_wconf 72' lang='lat' dir='ltr'><strong>peccata</strong></span> <span class='ocrx_word' id='word_1_27' title='bbox 324 581 539 642; x_wconf 77' lang='lat' dir='ltr'><strong>condonantur.</strong></span> <span class='ocrx_word' id='word_1_28' title='bbox 569 592 582 633; x_wconf 82' lang='grc'><strong>“.</strong></span> <span class='ocrx_word' id='word_1_29' title='bbox 602 581 718 648; x_wconf 73' lang='lat' dir='ltr'><strong>Quodsi</strong></span> <span class='ocrx_word' id='word_1_30' title='bbox 741 582 774 640; x_wconf 83' lang='lat' dir='ltr'><strong>in</strong></span> <span class='ocrx_word' id='word_1_31' title='bbox 796 582 930 643; x_wconf 80' lang='lat' dir='ltr'><strong>ecclesia</strong></span> <span class='ocrx_word' id='word_1_32' title='bbox 948 582 1013 655; x_wconf 66' lang='lat' dir='ltr'><strong>ineo</strong></span> 
     </span>
     <span class='ocr_line' id='line_1_6' title="bbox 67 678 1012 764; baseline 0.002 -21"><span class='ocrx_word' id='word_1_33' title='bbox 67 686 203 745; x_wconf 87' lang='lat' dir='ltr'><strong>doctrina</strong></span> <span class='ocrx_word' id='word_1_34' title='bbox 224 686 383 764; x_wconf 75' lang='lat' dir='ltr'><strong>diligenter</strong></span> <span class='ocrx_word' id='word_1_35' title='bbox 401 686 628 759; x_wconf 81' lang='lat' dir='ltr'><strong>traditaessei,</strong></span> <span class='ocrx_word' id='word_1_36' title='bbox 648 705 708 747; x_wconf 91' lang='lat' dir='ltr'><strong>non</strong></span> <span class='ocrx_word' id='word_1_37' title='bbox 729 678 944 760; x_wconf 82' lang='lat' dir='ltr'><strong>monachatus,</strong></span> <span class='ocrx_word' id='word_1_38' title='bbox 962 704 1012 746; x_wconf 87' lang='lat' dir='ltr'><strong>non</strong></span> 
     </span>
     <span class='ocr_line' id='line_1_7' title="bbox 66 770 1012 870; baseline 0.003 -22"><span class='ocrx_word' id='word_1_39' title='bbox 66 789 125 849; x_wconf 84' lang='lat' dir='ltr'><strong>alia</strong></span> <span class='ocrx_word' id='word_1_40' title='bbox 153 770 232 848; x_wconf 78' lang='lat' dir='ltr'><strong>&#39;vitae</strong></span> <span class='ocrx_word' id='word_1_41' title='bbox 253 808 365 868; x_wconf 74' lang='lat' dir='ltr'><strong>genera</strong></span> <span class='ocrx_word' id='word_1_42' title='bbox 384 793 502 852; x_wconf 81' lang='lat' dir='ltr'><strong>invecta</strong></span> <span class='ocrx_word' id='word_1_43' title='bbox 522 798 638 865; x_wconf 85' lang='lat' dir='ltr'><strong>essent,</strong></span> <span class='ocrx_word' id='word_1_44' title='bbox 669 810 749 870; x_wconf 82' lang='lat' dir='ltr'><strong>quae</strong></span> <span class='ocrx_word' id='word_1_45' title='bbox 777 794 918 853; x_wconf 80' lang='lat' dir='ltr'><strong>homines</strong></span> <span class='ocrx_word' id='word_1_46' title='bbox 937 790 1012 852; x_wconf 80' lang='lat' dir='ltr'><strong>stolii</strong></span> 
     </span>
     <span class='ocr_line' id='line_1_8' title="bbox 54 894 1009 976; baseline -0.003 -19"><span class='ocrx_word' id='word_1_47' title='bbox 54 894 259 957; x_wconf 80' lang='lat' dir='ltr'><strong>,crediderunt</strong></span> <span class='ocrx_word' id='word_1_48' title='bbox 285 915 385 956; x_wconf 84' lang='lat' dir='ltr'><strong>coram</strong></span> <span class='ocrx_word' id='word_1_49' title='bbox 404 896 468 957; x_wconf 90' lang='lat' dir='ltr'><strong>Deo</strong></span> <span class='ocrx_word' id='word_1_50' title='bbox 498 896 568 976; x_wconf 83' lang='lat' dir='ltr'><strong>plns</strong></span> <span class='ocrx_word' id='word_1_51' title='bbox 596 897 866 960; x_wconf 71' lang='lat' dir='ltr'><strong>commendationis</strong></span> <span class='ocrx_word' id='word_1_52' title='bbox 901 898 1009 959; x_wconf 77' lang='lat' dir='ltr'><strong>hebere</strong></span> 
     </span>
     <span class='ocr_line' id='line_1_9' title="bbox 67 998 1052 1077; baseline 0.003 -19"><span class='ocrx_word' id='word_1_53' title='bbox 67 999 270 1077; x_wconf 68' lang='lat' dir='ltr'><strong>conloquens</strong></span> <span class='ocrx_word' id='word_1_54' title='bbox 298 1005 375 1061; x_wconf 90' lang='lat' dir='ltr'><strong>enim</strong></span> <span class='ocrx_word' id='word_1_55' title='bbox 402 1002 464 1071; x_wconf 67' lang='lat' dir='ltr'><strong>rita</strong></span> <span class='ocrx_word' id='word_1_56' title='bbox 484 1003 538 1075; x_wconf 85' lang='lat' dir='ltr'><strong>sit,</strong></span> <span class='ocrx_word' id='word_1_57' title='bbox 564 1004 595 1061; x_wconf 88' lang='lat' dir='ltr'><strong>in</strong></span> <span class='ocrx_word' id='word_1_58' title='bbox 615 1003 672 1065; x_wconf 85' lang='lat' dir='ltr'><strong>hoo</strong></span> <span class='ocrx_word' id='word_1_59' title='bbox 691 1003 825 1063; x_wconf 82' lang='lat' dir='ltr'><strong>omnium</strong></span> <span class='ocrx_word' id='word_1_60' title='bbox 848 998 953 1063; x_wconf 81' lang='lat' dir='ltr'><strong>eadem</strong></span> <span class='ocrx_word' id='word_1_61' title='bbox 972 1004 1010 1061; x_wconf 81' lang='lat' dir='ltr'><strong>eit</strong></span> <span class='ocrx_word' id='word_1_62' title='bbox 1050 998 1052 1045; x_wconf 77' lang='lat' dir='ltr'><strong>i</strong></span> 
     </span>
     <span class='ocr_line' id='line_1_10' title="bbox 67 1105 1007 1189; baseline 0.005 -25"><span class='ocrx_word' id='word_1_63' title='bbox 67 1105 212 1178; x_wconf 84' lang='lat' dir='ltr'><strong>conditio,</strong></span> <span class='ocrx_word' id='word_1_64' title='bbox 240 1107 319 1184; x_wconf 91' lang='lat' dir='ltr'><strong>qnod</strong></span> <span class='ocrx_word' id='word_1_65' title='bbox 343 1125 418 1187; x_wconf 84' lang='lat' dir='ltr'><strong>opus</strong></span> <span class='ocrx_word' id='word_1_66' title='bbox 439 1108 584 1168; x_wconf 85' lang='lat' dir='ltr'><strong>habemns</strong></span> <span class='ocrx_word' id='word_1_67' title='bbox 610 1108 786 1169; x_wconf 84' lang='lat' dir='ltr'><strong>remissione</strong></span> <span class='ocrx_word' id='word_1_68' title='bbox 813 1112 1007 1189; x_wconf 73' lang='lat' dir='ltr'><strong>peccatoram.</strong></span> 
     </span>
     <span class='ocr_line' id='line_1_11' title="bbox 45 1211 1007 1295; baseline 0.003 -25"><span class='ocrx_word' id='word_1_69' title='bbox 45 1211 265 1295; x_wconf 29' lang='lat' dir='ltr'><strong>¹&#39;sicotPnuios</strong></span> <span class='ocrx_word' id='word_1_70' title='bbox 286 1212 316 1269; x_wconf 90' lang='lat' dir='ltr'><strong>in</strong></span> <span class='ocrx_word' id='word_1_71' title='bbox 338 1213 413 1271; x_wconf 84' lang='lat' dir='ltr'><strong>actis</strong></span> <span class='ocrx_word' id='word_1_72' title='bbox 434 1212 515 1283; x_wconf 81' lang='lat' dir='ltr'><strong>dicit,</strong></span> <span class='ocrx_word' id='word_1_73' title='bbox 535 1213 632 1273; x_wconf 88' lang='lat' dir='ltr'><strong>Deum</strong></span> <span class='ocrx_word' id='word_1_74' title='bbox 654 1214 760 1275; x_wconf 82' lang='lat' dir='ltr'><strong>tulisse</strong></span> <span class='ocrx_word' id='word_1_75' title='bbox 780 1221 1007 1295; x_wconf 75' lang='lat' dir='ltr'><strong>morespatron</strong></span> 
     </span>
     <span class='ocr_line' id='line_1_12' title="bbox 66 1310 1005 1403; baseline 0.01 -29"><span class='ocrx_word' id='word_1_76' title='bbox 66 1317 96 1374; x_wconf 92' lang='lat' dir='ltr'><strong>in</strong></span> <span class='ocrx_word' id='word_1_77' title='bbox 114 1314 233 1375; x_wconf 84' lang='lat' dir='ltr'><strong>deserto</strong></span> <span class='ocrx_word' id='word_1_78' title='bbox 246 1316 446 1395; x_wconf 75' lang='lat' dir='ltr'><strong>quadraginta</strong></span> <span class='ocrx_word' id='word_1_79' title='bbox 464 1319 558 1389; x_wconf 87' lang='lat' dir='ltr'><strong>annis,</strong></span> <span class='ocrx_word' id='word_1_80' title='bbox 580 1310 866 1403; x_wconf 70' lang='grc' dir='ltr'><strong><em>ἕτροποφόρησεν</em></strong></span> <span class='ocrx_word' id='word_1_81' title='bbox 880 1312 1005 1399; x_wconf 72' lang='grc' dir='ltr'><strong><em>αὖτοὺς,</em></strong></span> 
     </span>
     <span class='ocr_line' id='line_1_13' title="bbox 66 1422 1005 1498; baseline 0.006 -19"><span class='ocrx_word' id='word_1_82' title='bbox 66 1422 178 1498; x_wconf 87' lang='lat' dir='ltr'><strong>inquit,</strong></span> <span class='ocrx_word' id='word_1_83' title='bbox 207 1428 267 1481; x_wconf 86' lang='lat' dir='ltr'><strong>act.</strong></span> <span class='ocrx_word' id='word_1_84' title='bbox 290 1425 353 1493; x_wconf 69' lang='lat'><strong>13„</strong></span> <span class='ocrx_word' id='word_1_85' title='bbox 382 1422 459 1482; x_wconf 82' lang='lat' dir='ltr'><strong>sicut</strong></span> <span class='ocrx_word' id='word_1_86' title='bbox 481 1422 575 1484; x_wconf 87' lang='lat' dir='ltr'><strong>bonus</strong></span> <span class='ocrx_word' id='word_1_87' title='bbox 596 1424 722 1482; x_wconf 79' lang='lat' dir='ltr'><strong>maritos</strong></span> <span class='ocrx_word' id='word_1_88' title='bbox 742 1422 804 1484; x_wconf 80' lang='lat' dir='ltr'><strong>fert</strong></span> <span class='ocrx_word' id='word_1_89' title='bbox 826 1445 927 1487; x_wconf 87' lang='lat' dir='ltr'><strong>mores</strong></span> <span class='ocrx_word' id='word_1_90' title='bbox 947 1444 1005 1485; x_wconf 87' lang='lat' dir='ltr'><strong>oro·</strong></span> 
     </span>
     <span class='ocr_line' id='line_1_14' title="bbox 66 1526 1006 1608; baseline 0.01 -25"><span class='ocrx_word' id='word_1_91' title='bbox 66 1526 124 1597; x_wconf 86' lang='lat' dir='ltr'><strong>ris,</strong></span> <span class='ocrx_word' id='word_1_92' title='bbox 148 1532 328 1606; x_wconf 78' lang='lat' dir='ltr'><strong>praeceptor</strong></span> <span class='ocrx_word' id='word_1_93' title='bbox 356 1526 586 1606; x_wconf 87' lang='lat' dir='ltr'><strong>discipulorum,</strong></span> <span class='ocrx_word' id='word_1_94' title='bbox 617 1530 760 1608; x_wconf 83' lang='lat' dir='ltr'><strong>princeps</strong></span> <span class='ocrx_word' id='word_1_95' title='bbox 792 1547 916 1591; x_wconf 86' lang='lat' dir='ltr'><strong>snorum</strong></span> <span class='ocrx_word' id='word_1_96' title='bbox 943 1531 1006 1591; x_wconf 75' lang='lat' dir='ltr'><strong>iuti·</strong></span> 
     </span>
     <span class='ocr_line' id='line_1_15' title="bbox 67 1630 1005 1715; baseline 0.005 -25"><span class='ocrx_word' id='word_1_97' title='bbox 67 1648 179 1691; x_wconf 85' lang='lat' dir='ltr'><strong>corum.</strong></span> <span class='ocrx_word' id='word_1_98' title='bbox 232 1630 354 1697; x_wconf 75' lang='lat' dir='ltr'><strong>Quodsi·</strong></span> <span class='ocrx_word' id='word_1_99' title='bbox 382 1632 457 1692; x_wconf 89' lang='lat' dir='ltr'><strong>haec</strong></span> <span class='ocrx_word' id='word_1_100' title='bbox 492 1631 585 1691; x_wconf 84' lang='lat' dir='ltr'><strong>civilis</strong></span> <span class='ocrx_word' id='word_1_101' title='bbox 614 1634 676 1692; x_wconf 82' lang='lat' dir='ltr'><strong>vita</strong></span> <span class='ocrx_word' id='word_1_102' title='bbox 711 1652 789 1715; x_wconf 86' lang='lat' dir='ltr'><strong>opus</strong></span> <span class='ocrx_word' id='word_1_103' title='bbox 819 1634 932 1698; x_wconf 83' lang='lat' dir='ltr'><strong>habeat</strong></span> <span class='ocrx_word' id='word_1_104' title='bbox 956 1637 1005 1697; x_wconf 76' lang='lat' dir='ltr'><strong>isin</strong></span> 
     </span>
     <span class='ocr_line' id='line_1_16' title="bbox 67 1728 1006 1816; baseline 0.011 -23"><span class='ocrx_word' id='word_1_105' title='bbox 67 1737 193 1814; x_wconf 83' lang='lat' dir='ltr'><strong>epiikia,</strong></span> <span class='ocrx_word' id='word_1_106' title='bbox 218 1742 253 1797; x_wconf 88' lang='lat' dir='ltr'><strong>ut</strong></span> <span class='ocrx_word' id='word_1_107' title='bbox 273 1755 331 1795; x_wconf 87' lang='lat' dir='ltr'><strong>uon</strong></span> <span class='ocrx_word' id='word_1_108' title='bbox 352 1756 465 1797; x_wconf 88' lang='lat' dir='ltr'><strong>summo</strong></span> <span class='ocrx_word' id='word_1_109' title='bbox 489 1739 559 1816; x_wconf 89' lang='lat' dir='ltr'><strong>jure</strong></span> <span class='ocrx_word' id='word_1_110' title='bbox 585 1737 717 1798; x_wconf 83' lang='lat' dir='ltr'><strong>homines</strong></span> <span class='ocrx_word' id='word_1_111' title='bbox 746 1728 860 1801; x_wconf 56' lang='lat' dir='ltr'><strong>omoio&#39;</strong></span> <span class='ocrx_word' id='word_1_112' title='bbox 875 1743 953 1803; x_wconf 86' lang='lat' dir='ltr'><strong>inter</strong></span> <span class='ocrx_word' id='word_1_113' title='bbox 977 1760 1006 1803; x_wconf 79' lang='lat' dir='ltr'><strong>so</strong></span> 
     </span>
     <span class='ocr_line' id='line_1_17' title="bbox 68 1846 1005 1924; baseline 0.005 -21"><span class='ocrx_word' id='word_1_114' title='bbox 68 1849 175 1922; x_wconf 73' lang='lat' dir='ltr'><strong>agent,</strong></span> <span class='ocrx_word' id='word_1_115' title='bbox 206 1850 318 1920; x_wconf 82' lang='lat' dir='ltr'><strong>quanto</strong></span> <span class='ocrx_word' id='word_1_116' title='bbox 349 1846 443 1924; x_wconf 77' lang='lat' dir='ltr'><strong>magis</strong></span> <span class='ocrx_word' id='word_1_117' title='bbox 472 1847 547 1904; x_wconf 87' lang='lat' dir='ltr'><strong>haec</strong></span> <span class='ocrx_word' id='word_1_118' title='bbox 575 1864 697 1904; x_wconf 82' lang='lat' dir='ltr'><strong>necesse</strong></span> <span class='ocrx_word' id='word_1_119' title='bbox 719 1850 781 1919; x_wconf 88' lang='lat' dir='ltr'><strong>est,</strong></span> <span class='ocrx_word' id='word_1_120' title='bbox 813 1851 850 1907; x_wconf 82' lang='lat' dir='ltr'><strong>ut</strong></span> <span class='ocrx_word' id='word_1_121' title='bbox 870 1848 1005 1911; x_wconf 71' lang='lat' dir='ltr'><strong>Bennett</strong></span> 
     </span>
     <span class='ocr_line' id='line_1_18' title="bbox 67 1946 1006 2035; baseline 0.003 -22"><span class='ocrx_word' id='word_1_122' title='bbox 67 1946 281 2034; x_wconf 79' lang='grc' dir='ltr'><strong><em>τροποφόρος</em></strong></span> <span class='ocrx_word' id='word_1_123' title='bbox 301 1951 330 2008; x_wconf 83' lang='grc' dir='ltr'><strong>ἰιι</strong></span> <span class='ocrx_word' id='word_1_124' title='bbox 352 1951 408 2010; x_wconf 81' lang='lat' dir='ltr'><strong>heo</strong></span> <span class='ocrx_word' id='word_1_125' title='bbox 428 1959 532 2011; x_wconf 88' lang='lat' dir='ltr'><strong>nostra</strong></span> <span class='ocrx_word' id='word_1_126' title='bbox 552 1954 614 2010; x_wconf 87' lang='lat' dir='ltr'><strong>tum</strong></span> <span class='ocrx_word' id='word_1_127' title='bbox 636 1951 926 2029; x_wconf 78' lang='lat' dir='ltr'><strong>imbecillitatetum</strong></span> <span class='ocrx_word' id='word_1_128' title='bbox 946 1973 1006 2035; x_wconf 81' lang='lat' dir='ltr'><strong>pra-</strong></span> 
     </span>
     <span class='ocr_line' id='line_1_19' title="bbox 65 2038 1006 2141; baseline 0.005 -25"><span class='ocrx_word' id='word_1_129' title='bbox 65 2058 179 2116; x_wconf 74' lang='lat' dir='ltr'><strong>vitatei</strong></span> <span class='ocrx_word' id='word_1_130' title='bbox 221 2055 312 2115; x_wconf 81' lang='lat' dir='ltr'><strong>Esset</strong></span> <span class='ocrx_word' id='word_1_131' title='bbox 341 2054 487 2132; x_wconf 85' lang='lat' dir='ltr'><strong>quotidie,</strong></span> <span class='ocrx_word' id='word_1_132' title='bbox 520 2055 598 2132; x_wconf 89' lang='lat' dir='ltr'><strong>quod</strong></span> <span class='ocrx_word' id='word_1_133' title='bbox 627 2058 800 2120; x_wconf 78' lang='lat' dir='ltr'><strong>observaret</strong></span> <span class='ocrx_word' id='word_1_134' title='bbox 826 2064 857 2120; x_wconf 87' lang='lat' dir='ltr'><strong>et</strong></span> <span class='ocrx_word' id='word_1_135' title='bbox 887 2038 1006 2141; x_wconf 76' lang='lat' dir='ltr'><strong>puniret,</strong></span> 
     </span>
     <span class='ocr_line' id='line_1_20' title="bbox 68 2161 1006 2235; baseline 0.004 -14"><span class='ocrx_word' id='word_1_136' title='bbox 68 2162 121 2221; x_wconf 85' lang='lat' dir='ltr'><strong>sed</strong></span> <span class='ocrx_word' id='word_1_137' title='bbox 144 2180 200 2221; x_wconf 86' lang='lat' dir='ltr'><strong>non</strong></span> <span class='ocrx_word' id='word_1_138' title='bbox 222 2161 287 2221; x_wconf 82' lang='lat' dir='ltr'><strong>vult</strong></span> <span class='ocrx_word' id='word_1_139' title='bbox 308 2161 466 2220; x_wconf 85' lang='lat' dir='ltr'><strong>observare</strong></span> <span class='ocrx_word' id='word_1_140' title='bbox 486 2179 556 2232; x_wconf 85' lang='lat' dir='ltr'><strong>nos,</strong></span> <span class='ocrx_word' id='word_1_141' title='bbox 584 2161 640 2221; x_wconf 91' lang='lat' dir='ltr'><strong>hoc</strong></span> <span class='ocrx_word' id='word_1_142' title='bbox 659 2163 738 2235; x_wconf 82' lang='lat' dir='ltr'><strong>vuit,</strong></span> <span class='ocrx_word' id='word_1_143' title='bbox 767 2169 804 2224; x_wconf 90' lang='lat' dir='ltr'><strong>ut</strong></span> <span class='ocrx_word' id='word_1_144' title='bbox 826 2184 882 2226; x_wconf 86' lang='lat' dir='ltr'><strong>nos</strong></span> <span class='ocrx_word' id='word_1_145' title='bbox 911 2166 1006 2228; x_wconf 81' lang='lat' dir='ltr'><strong>crede-</strong></span> 
     </span>
     <span class='ocr_line' id='line_1_21' title="bbox 66 2265 1053 2353; baseline -0.004 -26"><span class='ocrx_word' id='word_1_146' title='bbox 66 2287 133 2327; x_wconf 86' lang='lat' dir='ltr'><strong>mus</strong></span> <span class='ocrx_word' id='word_1_147' title='bbox 163 2269 192 2327; x_wconf 84' lang='lat' dir='ltr'><strong>in</strong></span> <span class='ocrx_word' id='word_1_148' title='bbox 223 2267 388 2326; x_wconf 76' lang='lat' dir='ltr'><strong>Christum:</strong></span> <span class='ocrx_word' id='word_1_149' title='bbox 417 2270 489 2324; x_wconf 78' lang='lat' dir='ltr'><strong>tunc</strong></span> <span class='ocrx_word' id='word_1_150' title='bbox 517 2265 582 2325; x_wconf 75' lang='lat' dir='ltr'><strong>vnit</strong></span> <span class='ocrx_word' id='word_1_151' title='bbox 602 2268 667 2345; x_wconf 88' lang='lat' dir='ltr'><strong>ipse</strong></span> <span class='ocrx_word' id='word_1_152' title='bbox 688 2272 933 2353; x_wconf 72' lang='grc' dir='ltr'><strong><em>τροποφορεῒν,</em></strong></span> <span class='ocrx_word' id='word_1_153' title='bbox 950 2270 1006 2331; x_wconf 81' lang='lat' dir='ltr'><strong>vult</strong></span> <span class='ocrx_word' id='word_1_154' title='bbox 1051 2316 1053 2323; x_wconf 93' lang='lat'><em>.</em></span> 
     </span>
     <span class='ocr_line' id='line_1_22' title="bbox 68 2371 1007 2454; baseline 0.002 -21"><span class='ocrx_word' id='word_1_155' title='bbox 68 2375 107 2433; x_wconf 86' lang='lat' dir='ltr'><strong>ad</strong></span> <span class='ocrx_word' id='word_1_156' title='bbox 142 2377 273 2432; x_wconf 86' lang='lat' dir='ltr'><strong>nostram</strong></span> <span class='ocrx_word' id='word_1_157' title='bbox 303 2371 537 2431; x_wconf 82' lang='lat' dir='ltr'><strong>imbecillitatem</strong></span> <span class='ocrx_word' id='word_1_158' title='bbox 572 2372 746 2447; x_wconf 79' lang='lat' dir='ltr'><strong>connivere,</strong></span> <span class='ocrx_word' id='word_1_159' title='bbox 779 2379 811 2433; x_wconf 83' lang='lat' dir='ltr'><strong>et</strong></span> <span class='ocrx_word' id='word_1_160' title='bbox 849 2377 1007 2454; x_wconf 73' lang='lat' dir='ltr'><strong>ignoscere,</strong></span> 
     </span>
     <span class='ocr_line' id='line_1_23' title="bbox 68 2477 981 2559; baseline 0.002 -19"><span class='ocrx_word' id='word_1_161' title='bbox 68 2500 105 2540; x_wconf 86' lang='lat' dir='ltr'><strong>ac</strong></span> <span class='ocrx_word' id='word_1_162' title='bbox 124 2484 249 2559; x_wconf 84' lang='lat' dir='ltr'><strong>proptor</strong></span> <span class='ocrx_word' id='word_1_163' title='bbox 270 2477 356 2537; x_wconf 87' lang='lat' dir='ltr'><strong>fidem</strong></span> <span class='ocrx_word' id='word_1_164' title='bbox 377 2478 408 2536; x_wconf 90' lang='lat' dir='ltr'><strong>in</strong></span> <span class='ocrx_word' id='word_1_165' title='bbox 430 2477 581 2537; x_wconf 77' lang='lat' dir='ltr'><strong>Christum</strong></span> <span class='ocrx_word' id='word_1_166' title='bbox 603 2496 656 2537; x_wconf 90' lang='lat' dir='ltr'><strong>nos</strong></span> <span class='ocrx_word' id='word_1_167' title='bbox 677 2496 732 2557; x_wconf 91' lang='lat' dir='ltr'><strong>pro</strong></span> <span class='ocrx_word' id='word_1_168' title='bbox 751 2478 842 2557; x_wconf 79' lang='lat' dir='ltr'><strong>justis</strong></span> <span class='ocrx_word' id='word_1_169' title='bbox 863 2480 981 2542; x_wconf 80' lang='lat' dir='ltr'><strong>habere</strong></span> 
     </span>
     <span class='ocr_line' id='line_1_24' title="bbox 72 2581 1008 2662; baseline 0.003 -17"><span class='ocrx_word' id='word_1_170' title='bbox 72 2614 79 2625; x_wconf 93' lang='lat'><strong>··</strong></span> <span class='ocrx_word' id='word_1_171' title='bbox 150 2586 198 2645; x_wconf 85' lang='lat' dir='ltr'><strong>dd</strong></span> <span class='ocrx_word' id='word_1_172' title='bbox 225 2585 305 2644; x_wconf 82' lang='lat' dir='ltr'><strong>horno</strong></span> <span class='ocrx_word' id='word_1_173' title='bbox 326 2582 444 2641; x_wconf 90' lang='lat' dir='ltr'><strong>modum</strong></span> <span class='ocrx_word' id='word_1_174' title='bbox 472 2581 568 2641; x_wconf 84' lang='lat' dir='ltr'><strong>David</strong></span> <span class='ocrx_word' id='word_1_175' title='bbox 590 2601 608 2641; x_wconf 86' lang='lat' dir='ltr'><strong>a</strong></span> <span class='ocrx_word' id='word_1_176' title='bbox 629 2585 837 2662; x_wconf 73' lang='lat' dir='ltr'><strong>desperatione</strong></span> <span class='ocrx_word' id='word_1_177' title='bbox 867 2586 908 2647; x_wconf 88' lang='lat' dir='ltr'><strong>ad</strong></span> <span class='ocrx_word' id='word_1_178' title='bbox 940 2585 1008 2647; x_wconf 82' lang='lat' dir='ltr'><strong>fidn-</strong></span> 
     </span>
     <span class='ocr_line' id='line_1_25' title="bbox 67 2673 1009 2767; baseline -0.005 -12"><span class='ocrx_word' id='word_1_179' title='bbox 67 2695 142 2755; x_wconf 79' lang='lat' dir='ltr'><strong>ciam</strong></span> <span class='ocrx_word' id='word_1_180' title='bbox 165 2699 195 2752; x_wconf 88' lang='lat' dir='ltr'><strong>et</strong></span> <span class='ocrx_word' id='word_1_181' title='bbox 215 2697 327 2751; x_wconf 89' lang='lat' dir='ltr'><strong>certam</strong></span> <span class='ocrx_word' id='word_1_182' title='bbox 350 2707 433 2767; x_wconf 84' lang='lat' dir='ltr'><strong>spem</strong></span> <span class='ocrx_word' id='word_1_183' title='bbox 450 2673 722 2748; x_wconf 59' lang='lat' dir='ltr'><strong>misericordiane</strong></span> <span class='ocrx_word' id='word_1_184' title='bbox 743 2693 901 2751; x_wconf 77' lang='lat' dir='ltr'><strong>convertit.</strong></span> <span class='ocrx_word' id='word_1_185' title='bbox 942 2692 1009 2752; x_wconf 74' lang='lat' dir='ltr'><strong>Non</strong></span> 
     </span>
     <span class='ocr_line' id='line_1_26' title="bbox 68 2781 1009 2876; baseline -0.005 -16"><span class='ocrx_word' id='word_1_186' title='bbox 68 2818 135 2861; x_wconf 90' lang='lat' dir='ltr'><strong>cnm</strong></span> <span class='ocrx_word' id='word_1_187' title='bbox 157 2798 195 2858; x_wconf 92' lang='lat' dir='ltr'><strong>ad</strong></span> <span class='ocrx_word' id='word_1_188' title='bbox 218 2800 342 2876; x_wconf 85' lang='lat' dir='ltr'><strong>peccata</strong></span> <span class='ocrx_word' id='word_1_189' title='bbox 362 2798 465 2852; x_wconf 84' lang='lat' dir='ltr'><strong>nostro</strong></span> <span class='ocrx_word' id='word_1_190' title='bbox 491 2781 682 2874; x_wconf 83' lang='lat' dir='ltr'><strong>respicimus,</strong></span> <span class='ocrx_word' id='word_1_191' title='bbox 713 2795 884 2855; x_wconf 81' lang='lat' dir='ltr'><strong>necessario</strong></span> <span class='ocrx_word' id='word_1_192' title='bbox 913 2805 1009 2875; x_wconf 86' lang='lat' dir='ltr'><strong>porto·</strong></span> 
     </span>
     <span class='ocr_line' id='line_1_27' title="bbox 67 2894 1009 2979; baseline -0.006 -14"><span class='ocrx_word' id='word_1_193' title='bbox 67 2908 173 2965; x_wconf 84' lang='lat' dir='ltr'><strong>bamur</strong></span> <span class='ocrx_word' id='word_1_194' title='bbox 194 2908 224 2961; x_wconf 86' lang='lat' dir='ltr'><strong>ct</strong></span> <span class='ocrx_word' id='word_1_195' title='bbox 244 2900 428 2979; x_wconf 85' lang='lat' dir='ltr'><strong>prolabimur</strong></span> <span class='ocrx_word' id='word_1_196' title='bbox 454 2899 493 2957; x_wconf 87' lang='lat' dir='ltr'><strong>od</strong></span> <span class='ocrx_word' id='word_1_197' title='bbox 515 2900 760 2977; x_wconf 82' lang='lat' dir='ltr'><strong>desperationem.</strong></span> <span class='ocrx_word' id='word_1_198' title='bbox 804 2894 932 2979; x_wconf 56' lang='lat' dir='ltr'><strong>Sedu)</strong></span> <span class='ocrx_word' id='word_1_199' title='bbox 957 2919 1009 2959; x_wconf 90' lang='lat' dir='ltr'><strong>non</strong></span> 
     </span>
     <span class='ocr_line' id='line_1_28' title="bbox 68 3001 1010 3083; baseline -0.004 -14"><span class='ocrx_word' id='word_1_200' title='bbox 68 3018 139 3071; x_wconf 86' lang='lat' dir='ltr'><strong>sont</strong></span> <span class='ocrx_word' id='word_1_201' title='bbox 160 3005 237 3066; x_wconf 83' lang='lat' dir='ltr'><strong>oculi</strong></span> <span class='ocrx_word' id='word_1_202' title='bbox 259 3004 298 3062; x_wconf 86' lang='lat' dir='ltr'><strong>ad</strong></span> <span class='ocrx_word' id='word_1_203' title='bbox 319 3007 445 3083; x_wconf 83' lang='lat' dir='ltr'><strong>peccata</strong></span> <span class='ocrx_word' id='word_1_204' title='bbox 466 3002 560 3062; x_wconf 90' lang='lat' dir='ltr'><strong>solum</strong></span> <span class='ocrx_word' id='word_1_205' title='bbox 582 3003 744 3082; x_wconf 67' lang='lat' dir='ltr'><strong>deligendi}</strong></span> <span class='ocrx_word' id='word_1_206' title='bbox 772 3001 833 3062; x_wconf 88' lang='lat' dir='ltr'><strong>hoc</strong></span> <span class='ocrx_word' id='word_1_207' title='bbox 854 3006 1010 3083; x_wconf 84' lang='lat' dir='ltr'><strong>respician-</strong></span> 
     </span>
     <span class='ocr_line' id='line_1_29' title="bbox 68 3108 1010 3188; baseline -0.008 -14"><span class='ocrx_word' id='word_1_208' title='bbox 68 3114 221 3181; x_wconf 87' lang='lat' dir='ltr'><strong>domest,</strong></span> <span class='ocrx_word' id='word_1_209' title='bbox 251 3108 288 3168; x_wconf 86' lang='lat' dir='ltr'><strong>nd</strong></span> <span class='ocrx_word' id='word_1_210' title='bbox 309 3108 563 3188; x_wconf 83' lang='lat' dir='ltr'><strong>propitiatorium,</strong></span> <span class='ocrx_word' id='word_1_211' title='bbox 591 3113 625 3167; x_wconf 86' lang='lat' dir='ltr'><strong>ut</strong></span> <span class='ocrx_word' id='word_1_212' title='bbox 648 3125 815 3185; x_wconf 86' lang='lat' dir='ltr'><strong>quanquam</strong></span> <span class='ocrx_word' id='word_1_213' title='bbox 838 3125 900 3168; x_wconf 89' lang='lat' dir='ltr'><strong>non</strong></span> <span class='ocrx_word' id='word_1_214' title='bbox 922 3110 1010 3188; x_wconf 80' lang='lat' dir='ltr'><strong>possi-</strong></span> 
     </span>
     <span class='ocr_line' id='line_1_30' title="bbox 68 3208 1010 3294; baseline -0.011 -13"><span class='ocrx_word' id='word_1_215' title='bbox 68 3237 134 3281; x_wconf 83' lang='lat' dir='ltr'><strong>mus</strong></span> <span class='ocrx_word' id='word_1_216' title='bbox 162 3234 272 3294; x_wconf 78' lang='lat' dir='ltr'><strong>negare</strong></span> <span class='ocrx_word' id='word_1_217' title='bbox 300 3231 354 3272; x_wconf 87' lang='lat' dir='ltr'><strong>nos</strong></span> <span class='ocrx_word' id='word_1_218' title='bbox 388 3233 454 3272; x_wconf 90' lang='lat' dir='ltr'><strong>osse</strong></span> <span class='ocrx_word' id='word_1_219' title='bbox 481 3217 671 3292; x_wconf 83' lang='lat' dir='ltr'><strong>peccatores,</strong></span> <span class='ocrx_word' id='word_1_220' title='bbox 704 3208 802 3272; x_wconf 78' lang='lat' dir='ltr'><strong>tamon</strong></span> <span class='ocrx_word' id='word_1_221' title='bbox 835 3214 925 3272; x_wconf 84' lang='lat' dir='ltr'><strong>otiam</strong></span> <span class='ocrx_word' id='word_1_222' title='bbox 956 3232 1010 3271; x_wconf 90' lang='lat' dir='ltr'><strong>non</strong></span> 
     </span>
     <span class='ocr_line' id='line_1_31' title="bbox 68 3314 1011 3404; baseline -0.007 -21"><span class='ocrx_word' id='word_1_223' title='bbox 68 3340 209 3404; x_wconf 80' lang='lat' dir='ltr'><strong>negemus</strong></span> <span class='ocrx_word' id='word_1_224' title='bbox 233 3318 434 3378; x_wconf 85' lang='lat' dir='ltr'><strong>remissionom</strong></span> <span class='ocrx_word' id='word_1_225' title='bbox 462 3314 662 3398; x_wconf 81' lang='lat' dir='ltr'><strong>peccatorum.</strong></span> <span class='ocrx_word' id='word_1_226' title='bbox 707 3317 769 3376; x_wconf 84' lang='lat' dir='ltr'><strong>Cur</strong></span> <span class='ocrx_word' id='word_1_227' title='bbox 791 3323 890 3378; x_wconf 87' lang='lat' dir='ltr'><strong>autem</strong></span> <span class='ocrx_word' id='word_1_228' title='bbox 914 3321 1011 3379; x_wconf 85' lang='lat' dir='ltr'><strong>remis-</strong></span> 
     </span>
     <span class='ocr_line' id='line_1_32' title="bbox 69 3423 1011 3507; baseline -0.007 -19"><span class='ocrx_word' id='word_1_229' title='bbox 69 3431 112 3488; x_wconf 87' lang='lat' dir='ltr'><strong>sio</strong></span> <span class='ocrx_word' id='word_1_230' title='bbox 140 3429 331 3507; x_wconf 83' lang='lat' dir='ltr'><strong>peccatorum</strong></span> <span class='ocrx_word' id='word_1_231' title='bbox 358 3423 505 3504; x_wconf 87' lang='lat' dir='ltr'><strong>promissa</strong></span> <span class='ocrx_word' id='word_1_232' title='bbox 527 3428 587 3491; x_wconf 86' lang='lat' dir='ltr'><strong>ost,</strong></span> <span class='ocrx_word' id='word_1_233' title='bbox 618 3423 643 3481; x_wconf 93' lang='lat' dir='ltr'><strong>si</strong></span> <span class='ocrx_word' id='word_1_234' title='bbox 667 3440 724 3482; x_wconf 91' lang='lat' dir='ltr'><strong>non</strong></span> <span class='ocrx_word' id='word_1_235' title='bbox 746 3429 922 3502; x_wconf 81' lang='lat' dir='ltr'><strong>peccatores</strong></span> <span class='ocrx_word' id='word_1_236' title='bbox 950 3440 1011 3484; x_wconf 77' lang='lat' dir='ltr'><strong>carn</strong></span> 
     </span>
    </p>
   </div>
   <div class='ocr_carea' id='block_1_3' title="bbox 75 3574 280 3589">
    <p class='ocr_par' dir='ltr' id='par_1_3' title="bbox 75 3574 280 3589">
     <span class='ocr_line' id='line_1_33' title="bbox 75 3574 280 3589; baseline -0.02 0"><span class='ocrx_word' id='word_1_237' title='bbox 75 3574 280 3589; x_wconf 52' lang='lat' dir='ltr'><strong>*un—-</strong></span> 
     </span>
    </p>
   </div>
   <div class='ocr_carea' id='block_1_4' title="bbox 139 3649 678 3723">
    <p class='ocr_par' dir='ltr' id='par_1_4' title="bbox 139 3649 678 3723">
     <span class='ocr_line' id='line_1_34' title="bbox 139 3649 678 3723; baseline -0.015 -13"><span class='ocrx_word' id='word_1_238' title='bbox 139 3655 190 3723; x_wconf 70' lang='lat'><strong>21)</strong></span> <span class='ocrx_word' id='word_1_239' title='bbox 211 3653 240 3707; x_wconf 91' lang='lat' dir='ltr'><strong>ln</strong></span> <span class='ocrx_word' id='word_1_240' title='bbox 261 3652 387 3723; x_wconf 82' lang='lat' dir='ltr'><strong>peccetis</strong></span> <span class='ocrx_word' id='word_1_241' title='bbox 408 3650 470 3723; x_wconf 79' lang='lat' dir='ltr'><strong>qnid</strong></span> <span class='ocrx_word' id='word_1_242' title='bbox 491 3649 678 3721; x_wconf 73' lang='lat' dir='ltr'><strong>cogitandum.</strong></span> 
     </span>
    </p>
   </div>
   <div class='ocr_carea' id='block_1_5' title="bbox 0 0 1105 4064">
    <p class='ocr_par' dir='ltr' id='par_1_5' title="bbox 0 0 1105 4064">
     <span class='ocr_line' id='line_1_35' title="bbox 0 0 1105 4064; baseline 0 0"><span class='ocrx_word' id='word_1_243' title='bbox 0 0 1105 4064; x_wconf 95' lang='lat' dir='ltr'><strong> </strong></span> 
     </span>
    </p>
   </div>
  </div>
 </body>
</html>
