2204 4058
366 93 510 219 assim
529 82 696 205 oxxxu.
768 125 781 185 ι
942 82 1006 191 aas

55 286 93 358 ea
115 271 338 335 accommodant
359 274 398 333 ad
419 261 581 354 corporata
594 292 728 352 rognum.
766 270 856 362 'ilinc
876 284 1010 360 surgunt

56 367 100 439 cis
115 378 184 443 illas
198 376 295 437 lactas
312 382 342 438 at
357 382 526 457 pertinaces
543 391 612 460 spes
634 380 673 440 tle
693 399 784 481 ragno
798 384 1005 456 restaurando,
1076 452 1078 457 ,

55 483 111 543 sad
132 482 219 540 iscilo
236 484 381 561 judicium
403 488 457 556 ast,
479 480 671 560 quamatultc
687 474 797 546 errent
831 480 1005 589 Sodrailea-

46 573 155 648 ¹'lum
143 606 204 664 Jam
226 587 264 646 ad
285 584 441 666 psalmum.-

103 692 204 750 Cur
224 690 347 751 Doridis
367 696 544 752 montionem
565 686 671 766 iaciat,
696 685 831 756 diximus.
874 698 1004 779 Propter

56 799 270 878 promissiones
311 790 403 875 igitur
435 797 542 857 Doridi
571 790 665 860 ia‘ctas
691 802 782 878 petit,
824 821 862 862 ua
888 809 1004 863 asanaa

56 901 183 962 tu'rsau
211 902 334 960 tollatur
354 903 445 961 iacies
475 904 600 975 Christi,
622 906 689 964 <hoc
721 912 782 976 est,
806 908 904 986 regis.
946 900 1004 968 hat

57 1008 135 1067 enlm
164 1007 377 1086 appellativum
405 1022 526 1079 noman,
561 1009 640 1086 quod
662 1010 835 1088 simpliciter
857 1012 1005 1090 siguificat

55 1123 158 1190 regom
180 1117 392 1183 scunarium,
427 1115 505 1172 sicut
525 1113 625 1187 Davirl
644 1114 745 1192 fllssll‘.
772 1108 853 1183 „llon
888 1115 1003 1173 mittam

23 1248 25 1252 Α
56 1228 183 1287 ιιιιιιιιιιιι,
198 1231 291 1277 msam
308 1218 336 1275 ih
348 1218 498 1276 Christum
520 1218 662 1288 domini‚“
683 1220 739 1278 hoc
760 1222 814 1290 ast,
837 1214 866 1275 in
883 1216 1004 1277 Saulem

14 1310 20 1333 '
55 1325 148 1382 verbo
181 1341 235 1382 seu
265 1320 408 1381 mandato
439 1302 549 1381 domini
581 1328 713 1384 unctum.
771 1325 865 1384 Porro
898 1325 1003 1385 factam
1071 1384 1075 1395 ,

58 1426 171 1485 Christi
184 1426 235 1505 aa)
249 1430 333 1487 vocat
348 1429 546 1505 praesentiam
565 1429 661 1504 ragis,'
684 1447 737 1487 sau
758 1429 856 1508 ipsum
877 1421 1021 1518 regnum

56 1532 198 1592 divinitus
221 1531 360 1590 donatum
383 1535 413 1590 at
435 1534 642 1603 constitutum,
665 1532 749 1609 quasi
771 1533 866 1592 dicat:
909 1533 1026 1595 Scrra‘

57 1636 176 1695 domine
200 1636 344 1715 populum
366 1642 458 1709 tuum,
476 1637 535 1715 jus,
554 1637 676 1715 judicia,
698 1630 885 1714 aequitatem,
907 1641 937 1721 at
959 1641 1004 1694 to·

55 1746 119 1803 tam
141 1741 424 1802 administrationem
446 1739 605 1822 politicam,
628 1747 662 1801 ut
684 1745 779 1801 omnin
798 1742 880 1820 justo
900 1741 1003 1825 ordina

53 1848 138 1917 hant,
162 1866 198 1905 na
219 1864 277 1925 pax
296 1851 437 1907 turbatur
457 1866 512 1930 par
533 1847 692 1907 seditiones
713 1846 1002 1919 etintestinaodia,

56 1970 96 2011 no
120 1950 276 2031 disciplina
305 1970 360 2030 par
388 1951 536 2011 adulteria
564 1957 595 2011 et
620 1952 736 2028 reliqua
765 1952 906 2013 scandala
934 1969 1002 2011 ron-

55 2056 202 2116 lumlatur
222 2060 275 2116 aut
297 2057 489 2122 dolormatur.
544 2057 628 2117 llaec
658 2059 734 2119 euim
764 2037 795 2117 st
821 2053 866 2118 hls
896 2060 1002 2119 similla
1029 2040 1032 2046 ³

55 2164 96 2223 ad
117 2144 242 2240 ragnu'm
263 2164 429 2242 pertinent,
463 2181 561 2238 nequa
589 2156 663 2221 enim
686 2181 808 2239 ragnum
832 2150 935 2241 patara
956 2169 1003 2224 ast

32 2267 234 2346 'simpliciter
265 2285 403 2328 coronam
434 2276 551 2346 patara,
591 2267 643 2325 sod
677 2267 832 2345 pulchram
863 2272 894 2325 at
925 2268 1003 2329 bauo

54 2376 248 2434 constitutam
262 2374 405 2452 politiam,
426 2374 454 2430 in
477 2373 536 2448 qua
556 2376 622 2430 tuta
642 2373 680 2429 sit
702 2372 876 2457 ipno'centia,
898 2355 1010 2432 c¹ontru¹

54 2479 191 2558 pravitas
224 2483 254 2537 et
281 2477 403 2538 scelera
423 2477 554 2554 graviter
578 2475 750 2554 puniantur.
787 2475 884 2534 llaec
905 2477 1002 2534 onmia

54 2584 174 2662 flagitat
196 2583 338 2662 psalmus,
361 2598 428 2639 rum
449 2584 543 2658 rogat,
566 2600 603 2638 na
623 2580 745 2640 tollatur
767 2581 856 2640 iacias
879 2581 1000 2639 Christi.

141 2689 241 2747 Causa
276 2693 375 2747 autem
414 2693 475 2756 ost,
517 2701 571 2744 cur
604 2686 659 2743 hoa
690 2687 894 2764 potissimum
907 2688 1001 2762 patah·
1053 2757 1066 2777 ,

30 2793 175 2870 'quod
167 2812 197 2851 ιιι
224 2794 282 2851 isto
314 2793 424 2872 populo
447 2793 486 2850 sit
507 2789 633 2848 ccclesia
654 2793 684 2847 ot
705 2791 827 2848 uerbum
848 2787 920 2860 Dei,
952 2789 1001 2846 cui
1063 2772 1071 2784 ”

54 2917 114 2958 non
136 2904 323 2977 potestesse
346 2900 426 2969 laus,
458 2875 509 2954 ubi
541 2887 698 2985 caedibus,
729 2893 814 2952 bellis
843 2898 873 2952 et
896 2891 1000 2979 legum
1060 2887 1062 2893 ’

54 3009 209 3064 contemtu
232 2995 624 3073 omniaardent41).Sir.
645 2969 757 3058 lautus
779 3015 896 3073 quoquo
914 2997 1001 3072 jubat

54 3111 135 3167 orari
158 3128 212 3186 pro
234 3111 369 3187 regibus,
404 3110 438 3164 ut
467 3106 556 3163 vitam
579 3119 700 3181 agamus
724 3105 752 3160 ln
773 3103 1000 3178 tranquillitate.

54 3211 156 3271 Hodie
190 3216 246 3272 sub
280 3230 401 3272 caesara
424 3208 531 3268 Carolo
551 3208 693 3266 habemus
719 3206 834 3281 aliquas
860 3204 1001 3264 ecclesias

53 3318 132 3378 hana
166 3318 360 3388 constitutas,
394 3317 424 3373 in
457 3315 564 3390 quibus
596 3329 668 3370 sana
698 3310 833 3386 doctrina
861 3317 892 3369 et
917 3295 1016 3386 J‘ustuv

53 3467 269 3480 m

123 3506 177 3591 to)
200 3526 302 3580 Facies
323 3521 427 3579 Christi
447 3519 522 3592 quil.
599 3511 651 3589 ll)
670 3517 745 3574 Para
765 3530 834 3586 opus
854 3521 898 3573 art
917 3531 999 3586 prop-

52 3628 96 3676 ter
115 3619 267 3674 ecclesias.
883 3651 886 3656 .
