2190 4064
281 226 322 285 ln
348 222 495 287 Prelio.
522 220 634 283 tired.
863 223 934 285 m

42 379 172 470 cendam
199 377 280 437 illem
299 375 476 437 fiduciam
467 372 664 435 maurilium
691 330 829 453 divinum.
870 376 954 439 Est.

42 466 82 540 rur
107 496 222 539 summe
244 478 443 535 necessarium
473 474 624 534 adhortari
644 480 674 534 ιι
684 491 792 553 urgere
811 495 868 535 non
882 496 930 538 so·
948 476 954 485 ⁴

62 578 158 648 alios,
179 576 231 637 sed
254 577 340 650 otiam
362 592 415 632 nos
437 576 517 652 ipsos
537 580 662 654 propter
681 576 733 634 illa
746 576 879 639 visibilia
898 582 952 637 ot·

44 681 131 739 antia
151 674 284 755 pericula
304 693 339 733 ec
359 678 444 733 vexat
445 675 535 733 iones.
577 674 657 739 Quia
675 676 754 751 enim
774 694 830 749 ea,
852 694 930 757 quae

42 781 179 849 tristent,
204 766 373 855 praesentia
392 766 486 846 sunt,
506 778 609 834 contra
626 793 712 851 uuae
732 775 930 848 consolantur,

43 884 57 937 ι
77 877 232 946 absentia,
265 874 331 933 ideo
353 892 428 953 opus
449 878 510 944 est,
531 874 601 933 dum
622 874 733 935 durant
751 877 930 954 praesentia,

42 999 64 1039 ‚e
82 957 203 1046 vexant,
222 978 258 1033 ιιι
277 976 366 1033 verbo
388 975 548 1033 excitemur
569 974 607 1033 ad
627 977 878 1053 perseverantiam
899 980 931 1038 et
999 956 1002 965 ¹

42 1079 172 1139 lentiam.
223 1073 281 1133 uss
309 1074 387 1133 enim
413 1073 487 1133 heco
515 1074 695 1153 experientia
725 1075 934 1153 conjungenda
1008 1140 1011 1147 ,

42 1200 56 1237 ιι
78 1177 223 1237 doctrine.
257 1173 332 1233 Nam
352 1171 430 1233 oculi
450 1174 544 1233 nostri
563 1171 656 1231 multo
671 1177 741 1232 sunt
757 1175 930 1248 obtusiores,

42 1298 80 1339 ιιιι
100 1280 136 1335 ut
156 1275 270 1355 possint
290 1272 328 1331 ad
349 1272 506 1332 invisibilia
524 1274 583 1332 ista
603 1273 781 1351 pertingere,
803 1278 833 1334 ιι
843 1273 931 1335 linem

43 1377 194 1439 ¹esentium
215 1374 405 1433 afflictionum
432 1366 547 1431 rideres
582 1370 661 1433 Hinc
681 1370 731 1444 fit,
758 1378 793 1433 ut
823 1379 931 1435 natura

43 1496 111 1559 sper
130 1474 349 1552 circumspiciet
369 1470 406 1530 de
426 1470 599 1560 modo,'quo
620 1469 739 1530 liberari
758 1476 867 1551 possit,
899 1480 931 1535 et

43 1598 62 1637 n
83 1594 152 1636 eum
173 1593 231 1633 non
252 1571 350 1642 videt,
378 1573 456 1629 sicut
477 1574 524 1628 est
543 1570 732 1653 absconditus
754 1576 784 1631 et
804 1574 933 1634 invisibi-

57 1677 220 1738 crurialur.
257 1672 340 1751 (lpus
360 1672 451 1749 igitur
472 1672 518 1751 est
537 1669 798 1742 adhortationibus,
819 1677 855 1730 ut
870 1674 933 1733 -lsta

43 1780 97 1838 ‚eat
118 1777 195 1835 enim
217 1774 260 1832 sic
279 1772 375 1847 loqui)
397 1767 541 1828 naturalis¹
563 1769 693 1829 brevitas
720 1789 775 1829 ιιιι
794 1775 933 1851 angustie

43 1870 91 1937 dis
119 1872 213 1935 nostri
228 1871 395 1940 dilatetur,
430 1867 633 1947 magnificetur
661 1886 696 1929 ac
727 1871 930 1951 prolongetur.

43 1998 58 2039 c
76 1978 179 2056 potest
198 1975 244 2043 is,
266 1972 316 2047 qui
336 1970 416 2031 videt
436 1967 523 2026 finem
539 1972 707 2045 nostrarum
727 1972 931 2045 tentationum,
965 1992 969 2005 ·

43 2097 57 2138 s
78 2077 203 2137 verbum
224 2076 273 2133 est
290 2070 484 2140 audiendum,
511 2073 644 2127 nostrum
666 2088 718 2143 cor
737 2089 795 2129 non
816 2077 862 2132 est
881 2092 935 2133 au-

43 2176 143 2246 ndum,
164 2172 244 2249 quod
257 2176 372 2231 tantum
385 2169 474 2229 sentit
492 2172 527 2255 et¹
537 2168 617 2233 videt
629 2170 661 2247 ⁸)
679 2156 857 2251 principium
870 2180 934 2233 ten·

43 2294 147 2345 onum,
168 2276 200 2332 et
219 2270 327 2331 doloris
346 2268 434 2349 linem
454 2287 511 2327 non
533 2267 621 2328 videt

74 2373 288 2433 Rhetoricetur
308 2362 755 2449 igiturSpiritus'sanctuijam,
777 2375 812 2430 ut
831 2373 935 2434 exhor-
1026 2364 1030 2378 '

43 2480 66 2536 io
87 2472 141 2533 liat
162 2471 313 2530 illustrior.
335 2464 448 2545 ¹Atque
466 2468 516 2527 hic
534 2470 661 2546 primum
681 2471 858 2530 monendum
879 2479 934 2547 est,

43 2576 52 2635 i
72 2572 256 2634 contrarium
276 2560 361 2627 lieret
381 2586 417 2627 ac
436 2568 613 2645 sentiretur,
640 2568 752 2629 trustra
773 2589 840 2632 esse
857 2572 936 2634 hanc

43 2674 239 2737 certationem.
292 2670 325 2727 si
354 2668 429 2727 enim
450 2667 557 2733 ¹statim
585 2686 652 2726 cnm
681 2671 844 2732 tentatione
868 2672 935 2752 fluis

43 2794 87 2835 rm
107 2772 235 2840 adesset,
256 2772 308 2827 ιιιι
328 2786 400 2838 mox,
422 2784 488 2826 cum
502 2786 597 2853 ¹egere
616 2768 779 2847 incipimus,
800 2770 935 2835 dominus

44 2879 105 2944 ret,
127 2888 269 2948 quorsum
291 2873 370 2927 essct
391 2875 466 2944 opus
486 2861 811 2947 promittere.aliquidt
853 2872 935 2953 Ergo

44 2970 251 3051 predoctrino
270 2969 437 3027 neccssaria
457 2971 504 3026 est
523 2967 553 3025 in
573 2967 618 3038 iis,
639 2986 717 3043 quae
736 2973 806 3029 ante
818 2971 935 3046 scimus,

44 3070 249 3143 renuntiatio,
270 3070 320 3127 ubi
343 3085 444 3126 sumus
465 3070 547 3126 estre
566 3067 735 3145 periculum
750 3072 780 3129 et
799 3072 939 3134 tentatio·

44 3190 74 3231 n.
118 3166 207 3233 (laod
227 3166 318 3245 igitur
339 3167 424 3226 dicit:
466 3166 530 3224 Non
550 3166 632 3226 dabit
652 3166 787 3229 dominus
808 3171 839 3229 iu
859 3192 938 3233 com·

46 3272 157 3331 tionem
176 3266 283 3346 pedem
303 3271 403 3338 tuum,
424 3253 577 3325 manifeste
598 3265 743 3345 significat
760 3268 838 3330 hanc
858 3270 938 3331 solli-

44 3370 180 3438 udinem,
214 3365 293 3442 quod
314 3367 400 3424 animi
421 3367 634 3427 intentatione
653 3354 877 3446 periclitantur,
898 3390 937 3431 ne
1012 3392 1025 3451 '.

44 3469 270 3547 muspereent,
292 3470 322 3526 et
343 3465 526 3525 deserantur.
553 3456 612 3525 Hic
632 3466 724 3563 igitur
737 3469 937 3530 exhortatione

44 3586 154 3647 o:pus‚
175 3568 211 3625 ut
229 3560 303 3623 tides
322 3581 380 3624 nou
400 3563 489 3643 plene
512 3568 722 3644 exstinguatur.

53 3678 94 3742 ⁴⁸)
110 3676 142 3727 lu
160 3674 226 3727 edit.
246 3674 334 3743 palae.
353 3673 430 3753 laps
450 3674 562 3730 vidit.
