2190 4064
340 294 343 299 ,
388 210 429 285 la
449 227 585 287 Psalm.
608 228 725 291 tirel.
966 214 1026 297 aa}

51 382 56 397 '
78 376 207 451 populo,
228 380 306 439 sicut
326 384 380 439 est¹
393 380 558 441 benedictio
579 380 665 441 llum
692 384 722 443 e.
748 382 780 441 in
806 381 899 443 llese.
941 382 1025 449 (luisl

38 468 179 558 pisitur
202 480 269 538 huic
289 478 479 539 Hierusalem
504 483 606 559 polest
633 480 755 551 deesse,
783 482 815 539 ln
842 500 903 559 que
930 481 1024 556 locus,
1055 520 1059 529 ι

37 581 42 594 ’
74 584 239 649 personae,
268 579 344 638 ritus
373 584 403 637 et
430 580 553 655 verbum
580 582 651 638 suot
679 579 818 639 ‹lim'nilus
847 581 957 641 donata
983 581 1024 642 m

34 659 48 715 ·³
62 666 205 735 niueam
225 678 350 756 pepulit
379 677 546 757 ln-pspalu
558 679 760 737 cumrerbum
773 698 919 756 nusquam
935 684 1023 752 esset,

43 779 50 791 ’
72 758 214 848 sitimus,
236 782 348 853 quanto
368 776 468 839 studio
489 781 521 837 et
539 782 648 837 conatu
668 777 800 837 homines
827 779 1029 855 quaesiverint

25 909 29 916 -
70 874 176 937 oetas
195 888 354 956 personas,
375 877 477 954 sigua,
496 875 563 936 loca
581 877 720 956 placandi
740 878 807 939 llei.
850 878 929 937 ilinc
942 874 1027 938 iusti-
1049 864 1062 915 ᾗ

68 968 135 1029 luia
156 981 226 1036 sunt
241 956 306 1036 non
326 994 419 1055 opera
439 975 534 1035 selom
553 977 644 1046 varia,
664 978 719 1036 sed
740 980 828 1037 etiam
843 977 910 1037 loca
931 983 1022 1051 certa,

67 1068 95 1123 ut
114 1077 418 1155 peregrinationibus
433 1076 592 1146 ,visitarent
621 1076 759 1148 Romam,
787 1077 963 1157 Hispanias,
992 1083 1025 1145 et

67 1174 172 1235 rocio
194 1194 272 1252 quae
293 1175 353 1236 elia
379 1164 453 1235 loca.
495 1174 551 1234 His
579 1177 671 1254 signis
699 1172 871 1236 nitebantur
897 1178 1024 1237 miserae

20 1337 24 1344 ,
56 1256 270 1335 'meselemiae
292 1274 382 1334 nihilo
404 1275 525 1345 felisius,
547 1293 636 1351 quam
657 1278 708 1351 qui
723 1276 871 1337 Euboicas
886 1296 941 1335 seu
954 1295 1024 1337 noc·

64 1365 178 1435 lutnas
209 1375 292 1435 laces
326 1378 495 1449 sequnntur
531 1375 561 1433 in
595 1376 669 1433 msri
698 1380 751 1436 aut
779 1376 910 1436 -desertis
938 1375 1021 1436 locis.

64 1460 158 1533 h'ssnc
190 1478 290 1541 erstem
318 1472 373 1530 Ilei
402 1475 501 1551 gralia
528 1475 637 1533 scimus
663 1474 777 1544 locum,
802 1493 961 1553 personam
989 1478 1022 1535 et

63 1562 157 1640 signu
176 1592 243 1633 esse
264 1576 380 1653 parata,
402 1592 509 1651 nempe
531 1572 690 1655 Christum,
713 1575 763 1650 qui
785 1573 928 1633 ecclcsiae
943 1592 1021 1634 suec

63 1652 154 1731 certa
189 1674 305 1753 gratiae
340 1676 526 1732 sacramenta
555 1671 724 1744 constituit,
752 1673 949 1750 baptismum,
986 1675 1020 1733 et

63 1777 192 1832 wenem-
209 1774 328 1832 domini.
370 1773 523 1831 Habemus
552 1772 653 1847 itaque
680 1772 776 1831 Deum
802 1772 867 1831 loco
893 1775 924 1831 et
950 1750 1036 1850 por·-l

62 1876 138 1926 sona
161 1877 191 1945 qt
211 1873 305 1952 signis
327 1873 491 1932 certissime
505 1866 703 1951 descriptum,
724 1873 775 1931 ubi
798 1872 895 1931 omnis
908 1870 1019 1943 invenl-

61 1964 169 2044 untur,
189 1974 298 2049 quihus
317 1973 356 2031 acl
379 1971 513 2050 corporis
534 1975 565 2030 et
586 1973 701 2054 animae
722 1970 850 2031 salutem
868 1967 1018 2050 opus'est.

149 2072 237 2143 lluod
248 2072 395 2150 propheta
404 2072 500 2129 utitur
514 2072 605 2131 verbo
617 2076 776 2143 ·„slantes“
790 2068 847 2147 ¹⁰)
870 2070 1019 2148 significet

59 2169 315 2233 hersevel-entiam
344 2190 398 2230 eeu
421 2170 630 2241 durationem,
659 2173 739 2248 quod
768 2171 850 2230 lleus
879 2173 937 2230 isla
957 2189 1018 2231 nou
1058 2188 1062 2195 ·

59 2256 181 2331 lentum
202 2273 331 2342 ‹lones-e,¹
343 2270 401 2331 sed
423 2272 511 2330 etiam
533 2289 709 2330 conservare
731 2276 761 2329 et
782 2274 860 2330 tucri
880 2270 960 2341 velit,
980 2272 1017 2329 ut

19 2393 24 2401 ·
59 2353 89 2411 ’ἢ
118 2373 280 2432 antithesis
302 2376 406 2431 centra
426 2372 526 2430 hostes
547 2373 710 2447 verbi-qui
731 2372 853 2429 verbum
870 2379 1015 2429 conentur

57 2456 182 2531 quidem
218 2474 403 2552 opprimere,
438 2469 492 2530 scd
527 2470 662 2527 dominus
697 2469 750 2529 <lat
779 2470 946 2548 operarios,
979 2471 1015 2529 ut

56 2553 152 2631 ‘fiam
180 2574 266 2633 nohis
295 2572 447 2651 oppressis
485 2572 539 2627 aut
574 2570 699 2627 mortuis
726 2571 851 2627 verbum
882 2556 1012 2628 maneat.

55 2646 127 2721 ¹¹⁰0
152 2672 228 2731 enim
248 2670 325 2731 solet
344 2671 424 2740 lieri,
447 2666 527 2744 quod
548 2669 706 2746 proverbio
728 2668 854 2727 dicitur:
881 2667 1012 2728 Ubicun-

54 2766 113 2823 que
142 2770 278 2831 dominus
299 2771 385 2848 erigit
405 2767 558 2845 templum,
578 2767 619 2825 ibi
641 2768 734 2827 Satan
757 2769 846 2845 erigit
866 2767 1013 2847 capellam

53 2846 148 2929 (libr
166 2872 243 2929 enim
266 2871 443 2929 Germanica
463 2867 619 2926 etusilata
632 2867 864 2946 appellatione).
906 2868 1011 2943 Neque

52 2951 140 3028 onim
159 2974 246 3051 pater
271 2968 418 3027 mendacii
447 2971 477 3026 et
496 2964 643 3025 homicida
663 2972 765 3045 potest
792 2966 891 3036 eliud,
920 2984 1010 3043 quam

53 3050 81 3107 ¹¹¹
107 3054 317 3147 persequatur
338 3069 470 3127 veroum.
512 3069 582 3129 ldeo
596 3068 736 3131 ostendit
755 3067 837 3127 laces
851 3066 1010 3138 Euboicas,

54 3162 165 3229 reela
185 3168 274 3229 hodie
301 3171 372 3227 sunt
398 3168 670 3248 anabaptisterum,
698 3167 1007 3237 sacramentariorum,

54 3244 129 3323 ⁰¹l¹n
148 3268 219 3341 Arii,
240 3268 406 3327 Manichaei
426 3272 458 3327 et
477 3269 601 3329 aliorum
619 3268 766 3347 (logmata,
788 3284 898 3342 quaes
919 3266 1009 3327 serbe

56 3346 211 3428 abtlsrcunt
238 3366 277 3428 ed
302 3367 442 3446 proprias
469 3370 631 3447 opiniones.
674 3366 733 3425 llic
763 3366 836 3443 quid
863 3367 1007 3425 faeiemus

59 3444 158 3539 allud,
178 3486 266 3545 quem
287 3470 323 3525 ut
342 3483 461 3526 oremus
482 3468 521 3526 el
542 3468 701 3538 domimum,
722 3469 757 3525 ut
778 3471 894 3526 stantes
914 3465 1007 3523 facist

62 3556 298 3675 Q*
318 3570 354 3626 ut
380 3570 489 3647 perget
508 3568 635 3630 dilatare
657 3569 788 3639 verbum,
808 3567 897 3639 etiem
917 3581 1006 3643 repu-

134 3678 422 3761 lllfltrstespeoes
441 3682 515 3754 quio,
606 3676 609 3681 ’
683 3694 720 3712 ,,
