2190 4064
73 126 136 189 1oe
248 110 251 115 ¹
430 114 696 203 ¹Enarratts¹

67 281 160 339 ml
179 276 266 355 quast
288 294 381 357 super
408 279 507 339 omnla
527 296 652 359 regnas
668 280 910 347 conculcaverat
927 292 958 347 et
975 304 1019 366 op·

73 387 230 463 premeret
256 380 384 444 omnlaz':
411 396 470 443 non
497 384 600 461 ltaque
628 388 729 465 potnit
757 385 881 449 oeusari
902 392 939 450 alr
957 390 1039 465 Bre-¹

66 487 195 548 'elrlaat
213 472 280 548 eliis
298 486 418 547 loenmn
438 506 514 560 esse,
533 492 564 548 et
583 496 685 550 tamen
707 495 879 570 autequam
897 494 953 556 lior
970 496 1020 555 am

75 595 176 663 seret,
198 591 278 669 quod
299 594 477 663 conabatur,
500 593 634 672 peribat,
656 599 688 655 at
709 614 780 656 snm
803 616 924 659 summa
942 600 1021 679 trapi

33 770 36 775 Ι
68 694 197 756 idatione
217 714 254 757 ae
274 698 402 758 maxima
421 696 508 758 clade
533 716 657 758 suornm
677 699 818 761 solvebat
839 703 1021 764 obsidionem.

76 800 132 861 Slo'
148 802 266 863 Pharao
286 822 346 863 uon
368 798 505 864 creseere
524 803 684 866 vldebstur
703 805 805 878 humi,
833 808 895 867 sed
914 809 945 868 in
964 826 1023 868 aere

77 906 109 967 a't
129 908 235 978 tectis,
266 906 371 969 miseri·
387 913 487 971 autem
509 908 617 969 ludaei
645 910 910 989 opprimebantur.
951 912 1024 974 llaeo

68 1010 137 1071 'ndis
157 1014 337 1084 arescentis,
368 1014 422 1074 sed
442 1015 588 1074 florentis·
603 1014 683 1073 foeni
711 1018 831 1094 speeies
861 1022 921 1078 est.
971 1018 1023 1078 Sed

72 1126 167 1194 odam
194 1119 254 1179 cito
282 1121 418 1180 examiti
461 1120 537 1180 Gom
569 1119 619 1179 da¹
636 1120 680 1178 eia
712 1120 924 1199 opprimendis
955 1124 1024 1201 cop

76 1225 166 1294 taret,
188 1202 308 1301 peribat
328 1225 358 1282 in
380 1226 474 1302 aquis.

88 1348 92 1353 ·
158 1324 451 1409 Talom⁵¹imaginem
472 1334 668 1405 tyrannorum
689 1311 826 1406 Spiritus
855 1336 982 1393 sanetus
999 1334 1024 1391 in

76 1428 133 1493 lioo
154 1430 220 1493 loeo
239 1434 325 1493 nobis
346 1434 493 1494 ostendit:
525 1452 581 1493 eur
600 1434 694 1512 igitur
713 1436 866 1511 paveresl
897 1456 955 1498 our
973 1442 1026 1498 tre

74 1535 220 1615 pidarest
250 1556 306 1599 our
327 1540 471 1618 abjiceres
493 1538 662 1598 onlmuml..
676 1537 764 1613 quasi
783 1556 857 1599 vero
878 1536 1026 1619 'nunquan

19 1656 22 1663 ·
74 1640 187 1701 rideris
213 1642 455 1705 florentissimum
485 1644 603 1703 foenum
629 1659 795 1722 paucorum
823 1644 947 1707 dierum
966 1666 1028 1731 spa

75 1746 118 1805 tlo
141 1765 196 1806 suo
218 1755 325 1827 sponte
346 1748 528 1820 exarescere,
550 1750 608 1808 imo
629 1768 666 1807 ea
686 1736 796 1807 natura
818 1769 897 1825 esse,
920 1759 1028 1814 utnon

76 1852 174 1928 possit
194 1869 261 1913 esse
282 1853 466 1914 diuturnum.
509 1856 562 1914 Sio
581 1851 767 1914 Athanasius
779 1848 856 1930 ²¹),
891 1876 962 1918 eom
981 1858 1028 1918 ln·

76 1952 175 2015 lianus
203 1957 286 2016 varie
305 1964 380 2018 'tum
412 1961 511 2039 ipsum
532 1964 595 2018 tum
624 1976 738 2017 omnem
761 1958 924 2021 ecelesiam
950 1982 1029 2023 rexa-

76 2068 141 2129 ret,
172 2078 209 2119 ao
230 2079 288 2120 non
311 2062 407 2123 solum
428 2063 622 2133 crudelitato,
651 2062 704 2123 sed
727 2066 796 2123 astu
817 2066 911 2125 etiam
933 2072 1029 2128 eontra

75 2164 142 2243 pios
162 2171 328 2246 pugnaret,
360 2175 392 2229 et
420 2170 469 2242 alii
491 2175 634 2245 tanquam
662 2169 693 2227 iu
721 2186 829 2248 magna
852 2173 1030 2252 tempestate

76 2268 302 2348 desponderent
322 2277 468 2347 animum,
502 2273 593 2346 dixit,
629 2293 689 2332 non
719 2278 948 2352 tempestatem,
979 2277 1028 2339 sed

76 2377 256 2438 nubeculam
291 2382 359 2441 esse
397 2381 477 2440 illam
511 2379 623 2439 iuliani
659 2379 911 2460 persecutionem.
968 2382 1030 2443 llos

76 2497 152 2551 saue
178 2502 231 2545 cor
258 2486 316 2545 init
341 2486 406 2546 'lide
423 2487 562 2567 plenum,
593 2485 674 2562 quod
695 2490 829 2545 statuere
856 2489 961 2564 potuit
980 2488 1030 2548 lu·

75 2582 188 2647 lienum
216 2588 340 2650 similem
361 2600 435 2651 'esse
468 2612 526 2652 non
552 2590 724 2670 tempestati
757 2608 866 2668 magua
896 2593 928 2650 vi
951 2610 1029 2673 gras·

77 2694 172 2764 santi,
195 2712 253 2754 non
274 2713 395 2755 crassae
417 2696 488 2755 nubi
508 2696 668 2757 involventi
690 2696 787 2755 omnia
807 2696 959 2768 tenebris,
980 2696 1028 2757 sad

77 2796 259 2871 nubeculae,
280 2818 370 2876 quam
391 2800 437 2883 sol
457 2800 537 2861 nullo
560 2802 678 2880 negotio
698 2801 819 2859 haurire
835 2800 944 2860 soleat.
984 2800 1028 2860 dd

76 2897 157 2960 hunc
175 2902 294 2963 modum
316 2923 370 2965 nos
403 2924 521 2982 quoque
542 2905 868 2965 debemus-extenuare
890 2905 1029 2965 adversa-

75 3004 188 3065 riorurd
216 3009 397 3086 potentiam,
429 3009 560 3071 furorem
590 3030 692 3071 eorum
718 3009 889 3089 pronihilo
911 3010 1028 3080 ducere,

77 3108 280 3188 nliii'quidem
297 3120 428 3195 propter
449 3120 581 3175 nostram
601 3116 774 3195 potentiam,
796 3112 852 3172 sed
874 3116 957 3192 quod
977 3134 1029 3176 sua

76 3221 276 3293 naturatvere
301 3221 362 3279 sint
375 3219 479 3292 bulla,
522 3221 641 3280 foenum
668 3221 698 3278 in
728 3218 833 3289 tectis,
865 3225 897 3280 et
924 3223 1027 3280 umbra

77 3324 177 3404 potios
205 3342 295 3401 quam
321 3325 472 3396 homines,
486 3328 698 3403 praeterquam
719 3323 800 3400 quod
821 3324 913 3384 etiam
934 3325 1026 3385 lleun

77 3435 403 3510 eontraseprovocont,
429 3431 469 3491 ad
493 3428 753 3507 eujuspotentiam
778 3427 905 3491 collatus
926 3446 1023 3491 eorum

80 3564 330 3583 *-

146 3661 199 3731 27)
218 3664 386 3718 Athanasio·
405 3671 550 3732 tyrannum
579 3668 724 3729 comparat
741 3660 905 3715 nubeculae.
