2190 4064
92 220 134 283 38
448 218 663 279 Enarratio
735 185 738 189 Ι
778 216 786 229 ”

91 391 159 432 mus
187 372 285 449 digni,
305 371 423 446 quibus
454 370 494 430 ad
520 391 608 431 uuam
640 373 744 431 boram
773 374 862 431 titum
894 376 1046 450 prorogat,¹
1074 394 1077 401 ·

92 474 203 548 quibus
226 471 277 531 det
297 489 387 529 unam
409 472 571 530 buccellam
593 470 679 551 panis'
702 477 757 531 etc

176 571 239 629 Sed
251 572 299 631 bic
309 590 427 648 quoque
443 572 618 650 experimur,
631 590 761 639 summae
778 572 851 631 artis
866 575 898 631 et
909 533 1047 631 difficilli-

36 668 39 675 '
94 689 173 729 mum
191 670 1050 751 esse‚s1cconJungerorlladuoetinmisorscordiamssei

36 826 41 849 ,
93 766 747 847 etmiserationestantumoculosintendere.
772 771 874 845 Neque
884 771 1046 835 enrmhaec
1077 771 1089 845 ξ.

92 872 184 934 verba
195 871 272 930 domi
281 876 400 930 nostrae
414 875 587 942 nascuntur,
609 872 662 930 sed
683 871 892 949 perSpipitum
908 858 1046 931 sanctum

92 969 258 1030 afferuntur
285 971 323 1029 de
344 971 434 1030 coelo.
479 970 592 1029 Contra
619 972 675 1031 hae
702 972 805 1049 spinae
826 976 993 1031 nascuntur
1015 972 1044 1029 in

93 1069 233 1130 cordibus
254 1072 378 1131 nostris:
421 1071 486 1151 Ego
508 1090 574 1129 sum
594 1062 751 1149 peccator,¹
772 1069 855 1131 Dens
878 1075 924 1131 ost
945 1072 1048 1149 justus
1082 1074 1089 1121 '.

92 1176 124 1229 et
143 1171 241 1231 iratus
263 1171 332 1228 mibi
351 1172 522 1249 peccatori.
564 1170 629 1229 llas
663 1171 763 1249 spinas
786 1171 967 1231 conscientia
986 1189 1046 1231 non

91 1274 192 1349 potest
214 1270 354 1342 evellere,
375 1290 435 1331 non
456 1277 557 1350 potest
583 1275 771 1350 peccatorem
793 1271 975 1329 constituere
998 1288 1047 1332 co·
1086 1328 1089 1335 .

92 1389 156 1431 ram
176 1371 241 1431 Deo
262 1371 379 1430 lavante
402 1377 431 1432 et
453 1373 631 1450 ignoscente,
653 1372 783 1449 Spiritus
806 1372 900 1428 suncti
921 1370 978 1429 boc
1001 1374 1048 1431 est

93 1470 210 1542 donum,
231 1491 291 1530 non
312 1472 406 1531 nostri
427 1473 542 1531 arbitrii
564 1476 616 1529 aut
638 1472 742 1529 virium
764 1474 942 1541 nostrarum.
971 1469 1046 1527 Nam

93 1589 160 1631 cum
180 1574 303 1648 absque
315 1572 431 1650 Spiritu
452 1571 508 1629 Dei
538 1576 601 1640 est,
628 1576 680 1629 aut
701 1571 880 1629 indurantur
902 1568 995 1629 corda
1015 1570 1046 1627 in

91 1673 241 1749 peccatis,
273 1675 326 1731 aut
348 1672 517 1751 desperant,
548 1681 708 1747 utrumque
737 1674 837 1730 autem
865 1675 911 1730 ast
941 1676 1048 1729 contra

90 1769 148 1830 Dei
180 1772 369 1831 voluntatem.
413 1772 481 1832 ldeo
510 1771 607 1830 David
642 1791 676 1829 ex
704 1772 820 1850 Spiritu
853 1774 956 1829 sancto
990 1786 1047 1847 per

91 1871 310 1935 mediuminter
330 1864 406 1930 banc
428 1873 590 1931 satanicam
603 1871 733 1946 Scyllam
756 1875 786 1928 et
796 1869 978 1944 Charybdim
993 1864 1048 1928 na-

90 1970 186 2048 vigat,
203 1975 234 2028 et
255 1972 375 2049 projicit
396 1972 437 2029 se‘
451 1990 590 2030 securum
615 1973 646 2027 in
667 1970 877 2049 amplissimam
900 1964 930 2027 et
951 1968 1048 2027 inlini-

91 2072 155 2129 tam
174 2068 255 2129 illam
276 2069 507 2131 misericordiam
527 2067 593 2141 Dei,
615 2073 644 2128 et
666 2068 750 2127 dicit:
793 2069 908 2128 Multae
928 2088 966 2129 ac
985 2088 1048 2128 ma-

92 2187 170 2248 gnae
191 2174 263 2231 suut
282 2170 486 2231 miserationes
516 2177 585 2229 tuae
615 2168 746 2248 domine,
782 2189 836 2248 ego
857 2172 958 2229 autem
978 2188 1047 2229 sum
1065 2216 1074 2254 ·.

57 2343 61 2347 .
91 2276 249 2349 peccatos,
271 2270 321 2345 qui
342 2268 419 2328 male
439 2269 514 2340 riri,
535 2268 612 2326 male
632 2270 705 2339 vivo,
728 2272 758 2328 et
780 2269 850 2328 dum
873 2270 945 2340 viro,
968 2268 1047 2329 male
1087 2268 1089 2275 '

90 2368 211 2429 vivam·
240 2368 307 2429 Jam
328 2369 421 2448 igitur
442 2372 467 2429 si
487 2389 535 2429 me
557 2369 620 2428 volo
643 2388 741 2428 eoram
764 2372 793 2429 te
815 2373 966 2440 statuere,
995 2386 1047 2429 ne·
1069 2350 1089 2402 '⁴

67 2498 72 2505 ·
92 2486 177 2539 cesse
198 2473 253 2541 est,
274 2472 309 2527 ut
330 2469 403 2529 alias
420 2470 612 2549 cogitationes
630 2456 758 2539 afferam,
776 2466 1047 2545 quam'dormeum'

67 2568 163 2627 ,mihi
185 2569 314 2645 subjicit.
359 2569 510 2630 Confiteor
530 2572 622 2649 igitur
648 2572 806 2648 peccatum
826 2586 924 2627 meum
946 2587 1047 2655 coram
1081 2586 1085 2633 ἶ

87 2672 131 2758 te,
152 2666 279 2727 multum
300 2673 347 2728 est
367 2648 444 2728 enim
480 2670 577 2747 (sicut
597 2671 629 2729 in
651 2673 700 2730 32.
721 2668 837 2747 psalmo
860 2669 962 2745 dicit).
983 2669 1072 2747 Sed<

91 2767 137 2826 sic
164 2765 307 2827 confiteor
331 2775 505 2848 peccatum,
541 2770 621 2846 quod
658 2769 746 2829 simul
780 2770 869 2845 etiam
903 2768 1048 2831 confiteor·

91 2870 175 2927 tuam
195 2868 436 2939 misericordiam,
459 2874 488 2929 et
509 2871 714 2929 miserationes
735 2874 803 2929 tuas
822 2870 962 2929 immenso
983 2888 1047 2929 ma·
1073 2912 1081 2921 ·

88 2968 171 3046 joras
192 2972 317 3047 peccato
335 2987 419 3039 meo,
442 2970 513 3029 item
533 2974 616 3029 tuam
632 2969 797 3048 justitiam,
825 2987 885 3045 qua
905 2974 1047 3048 peccato-

91 3085 142 3127 res
159 3067 315 3149 justificas,
336 3068 457 3129 infinitis
478 3069 573 3130 modis
590 3068 770 3148 ampliorem,
793 3088 881 3145 quam
891 3052 1047 3150 uldespe·

91 3184 160 3245 rare
187 3160 325 3239 debeam,
359 3170 437 3231 sicut
470 3170 555 3229 dicit:
604 3170 795 3241 „Secundum
825 3168 1047 3229 multitudinem

90 3267 313 3329 miserationum
334 3264 482 3329 tuarum.“
503 3270 582 3336 Quia
603 3273 703 3328 autem
723 3268 795 3328 dicit
810 3288 948 3348 magnam
969 3270 1047 3329 mul·

92 3367 250 3428 titudinem
270 3386 338 3429 esse
357 3369 596 3441 miserationum,
629 3369 802 3448 simpliciter
823 3373 913 3448 negat
942 3378 973 3428 et
994 3388 1047 3429 ne·
1086 3374 1089 3383 “

91 3466 151 3529 'scit
172 3456 289 3529 omnem
307 3460 372 3529 tuin
393 3487 479 3530 suam
490 3473 555 3529 tum
575 3452 700 3557 aliorum
720 3469 917 3531 sanctitatem.
963 3468 1045 3534 auto

91 3569 171 3629 enim
198 3572 303 3648 potest
330 3588 396 3631 esse
423 3567 639 3649 conjunctionis
664 3569 848 3629 multitudini
879 3570 1045 3631 miseratio·

87 3657 397 3749 numerabamus
418 3671 596 3733 sanctitatet
640 3670 671 3728 Si
701 3671 794 3755 igitur
824 3674 870 3730 est
891 3672 1043 3733 miseratio

302 3928 360 4010 θ’
