2190 4064
77 256 132 317 ⁴72
471 232 680 309 Enarratio
726 292 729 297 .

93 423 171 477 ram,
192 404 246 464 sod
267 402 433 463 dissimulat
463 404 566 463 vitium
593 383 744 470 naturale,
774 401 850 459 sicut
883 400 1037 478 inpolitis

95 502 261 566 dissimulat
282 503 354 563 sitia
378 501 508 581 politica
551 502 626 575 Quis
658 503 734 561 euim
762 519 820 559 non
840 499 920 558 videt
940 502 1037 559 varios

81 606 211 686 morbos
234 607 264 662 et
294 585 365 661 vitia
385 604 467 661 varia
493 601 593 679 legum
620 605 650 661 et
670 601 811 679 politiaei
853 601 939 664 Quae
960 600 1037 657 enim

94 702 264 783 respublica
285 706 347 773 est,
369 703 399 759 in
420 721 480 778 qua
500 702 589 761 otiam
621 703 670 778 qui
692 701 853 778 justissime
875 701 971 761 omnia
992 719 1039 758 or·

95 803 198 863 dinant
220 806 250 879 et
271 805 484 879 exsequuntur,
517 820 574 859 non
601 818 690 878 saepe
721 801 832 878 injusta
853 801 987 858 sanciant
1009 806 1039 858 et

95 901 272 961 admittenti
306 903 383 961 sicut
413 902 601 979 proverbium
631 904 776 969 testatur,
812 918 957 958 summum
987 888 1039 976 joie

95 1020 161 1061 osse
183 1020 325 1061 summam
346 1000 491 1076 injurient
534 999 637 1075 Neque
663 1001 718 1059 boc
748 989 896 1057 hominum
923 1002 1039 1057 tantuin

95 1101 199 1159 vitium
220 1105 281 1170 est,
309 1099 371 1158 sed·
388 1101 472 1178 ipsso
499 1097 581 1177 leges
614 1104 731 1173 quoquc
751 1116 808 1157 non
830 1100 1039 1169 ceremoniis,

97 1200 186 1258 etiam
207 1218 274 1258 cum
295 1203 366 1259 sunt
387 1198 588 1272 aequissimae.
632 1197 699 1256 ideo
719 1216 793 1276 opus
814 1198 925 1257 habent
946 1217 1040 1274 aequo

91 1298 296 1368 moderatore,
324 1299 374 1373 qui
396 1316 445 1356 eas
467 1301 520 1356 aut
540 1295 618 1355 leret
655 1284 707 1355 aut
728 1298 882 1357 contrabat
911 1317 966 1376 pro
988 1316 1040 1377 op-

96 1400 279 1477 portunitate
300 1398 492 1477 negotiorum.

178 1497 304 1557 Tolerat
335 1502 434 1557 tamon
452 1494 535 1555 Deus
573 1496 737 1567 vitiaista,
758 1500 793 1556 ut
815 1497 920 1556 saltem
940 1497 1040 1571 aliquo

90 1597 218 1676 pblitiae
247 1599 351 1661 forma
371 1599 502 1667 constet,
533 1598 565 1655 et
596 1595 740 1654 educetur
763 1596 892 1667 soboles,
924 1595 1040 1655 colatur

67 1722 69 1728 ·
97 1700 187 1768 terra,
206 1700 478 1785 ist-‚commutentur
498 1694 595 1754 officia
615 1700 645 1754 ct
665 1713 778 1754 merces
802 1701 858 1754 etc
901 1696 978 1753 Nam
998 1698 1040 1752 vi-

98 1797 141 1855 tiu
161 1798 257 1855 omnia
277 1816 312 1855 cr
330 1798 420 1855 rebus
443 1800 473 1854 et
493 1794 609 1873 legibus
632 1793 762 1865 auferre,
793 1798 839 1853 est
866 1796 946 1873 ipsas
966 1794 1040 1871 poli-

96 1896 155 1954 tiae
179 1899 209 1954 et
239 1896 321 1973 leges
349 1895 462 1953 tollere.
516 1894 616 1954 Tanto
645 1892 829 1970 quorundam
854 1894 1040 1973 jureconsul-

96 1996 195 2052 torum
214 1993 309 2071 mojor
334 1994 447 2075 insanio
469 1996 529 2061 est,
562 2011 628 2050 cum
649 1994 775 2070 primum
795 1992 834 2051 ad
855 1993 1040 2071 respublicas

92 2092 233 2151 etuulas
250 2093 384 2164 veniunt,
414 2091 573 2151 volentium
603 2092 699 2151 omnio
718 2111 854 2151 resecare
876 2092 913 2151 od
935 2094 1041 2163 vivum,

98 2195 130 2250 ct
155 2192 323 2251 conantium
356 2193 570 2260 arithmeticam
602 2190 810 2265 aequalitatem
845 2194 875 2251 in
906 2195 1040 2253 omnibus

98 2292 288 2375 consuluere.
330 2290 396 2351 Hoc
425 2293 476 2366 qui
510 2291 635 2360 faciunt,
667 2278 771 2368 pacem
804 2294 935 2353 turbent
979 2293 1041 2351 Sed

99 2408 153 2450 cur
173 2410 232 2451 nou
259 2392 347 2451 etiam
368 2393 454 2451 istam
481 2389 709 2469 pulcherrimam
730 2391 942 2451 ordinationem
971 2409 1042 2470 pro·

99 2490 245 2549 creandae
275 2490 382 2550 sobolis
408 2489 532 2558 tollunt,
562 2508 638 2565 quse
664 2491 727 2548 sine
758 2492 828 2550 vitio
855 2510 917 2550 non
941 2497 1042 2570 potest

98 2591 184 2649 esset
226 2588 317 2666 Atqui
337 2589 470 2669 prudeus
490 2590 682 2667 magistratus
702 2587 771 2667 plus
798 2591 828 2649 iu
850 2610 883 2649 eo
905 2590 1042 2651 laborare

98 2688 200 2759 debet,
222 2689 365 2766 quomodo
386 2693 540 2751 conservet
559 2707 680 2767 pacem,
703 2707 790 2763 quom
811 2689 955 2765 quomodo
978 2710 1043 2749 cor-

93 2786 177 2865 rigat
196 2788 288 2866 leges.
330 2790 404 2847 Nam
424 2791 474 2865 qui
495 2789 551 2848 boc
571 2775 697 2858 iaciunt,
726 2787 800 2845 illud
829 2795 929 2848 autem
949 2791 1042 2869 negli-

97 2893 194 2965 quui,¹
212 2907 282 2947 vere
312 2889 426 2947 trabem
444 2886 625 2966 negligunt,
652 2891 683 2946 et
709 2891 779 2946 suut
813 2889 922 2947 curiosi
942 2888 981 2947 de
1000 2890 1042 2948 ie-

97 2991 192 3045 stuca.
213 2986 370 3046 Diversum
384 2991 483 3045 autem
502 2986 634 3044 videmus
652 2987 682 3044 in
695 2985 751 3044 Dei
768 2986 856 3045 iacto.
875 2989 942 3048 Etsi
965 2991 1041 3049 euim

98 3084 180 3143 videt
195 3086 369 3163 eonjugium
387 3088 522 3145 vitiatum
543 3104 608 3146 esse
628 3085 756 3155 libidine,
778 3095 876 3145 tamen
893 3105 953 3147 uon
974 3089 1041 3149 ideo

54 3188 57 3201 '
97 3185 266 3263 eonjugium
295 3184 389 3255 tollit,
427 3202 499 3244 non.v
518 3184 595 3243 idoo‘
619 3184 778 3243 liberorum
805 3189 1042 3263 procreationem

97 3283 208 3343 adimit
266 3283 379 3342 Mavult
407 3286 509 3343 vitium
542 3282 685 3355 tolerare,
724 3302 812 3360 quum
845 3288 1040 3349 conditionem

53 3412 57 3418 ·
97 3401 183 3443 susm
203 3382 318 3441 tollere.
361 3383 413 3441 Sic
434 3383 521 3443 etiam
542 3368 674 3462 prudens
695 3383 917 3460 jureconsultus
938 3387 968 3447 iu
989 3407 1042 3467 po-

97 3481 163 3553 litiq
189 3482 257 3543 hoc'
270 3482 405 3561 inprimis
428 3491 571 3562 spectare
605 3482 708 3552 debet,
740 3485 885 3559 quomodo
916 3489 984 3564 paci
1011 3494 1042 3548 ot

98 3582 246 3641 mmmuni
267 3582 427 3665 sbominum
468 3580 675 3658 tranquillitati
712 3585 807 3661 possit
841 3584 969 3656 consuli,
1008 3592 1043 3646 ut

88 3677 237 3741 -rdaostio
264 3684 298 3743 ot
328 3680 387 3745 alia
418 3687 481 3742 tum
508 3681 629 3763 politico
658 3688 722 3743 tum
743 3685 928 3745 oeconomica
948 3684 1043 3745 oiticio
