2190 4064
388 270 693 354 ltuaaupatoria
955 280 1016 345 m

61 424 162 490 etiam
182 380 329 504 tumultu
342 412 564 507 prospiciamus
576 424 711 487 saecula
732 425 802 488 laleo
815 430 948 505 quamvis
969 448 1016 492 se-

62 545 125 586 nex
147 524 287 605 agricola,
308 527 386 599 sicut
406 526 670 605 apudciceronem
689 530 749 599 est,
771 528 934 604 quaerenti,
968 531 1017 590 eui
1045 548 1049 555 ·

49 630 162 715 'serat'
180 636 241 684 non
263 626 380 685 dubitat
399 625 596 705 respondere·
637 626 699 686 Diis
719 626 942 700 immortalibus,
965 628 1015 705 qai

64 724 117 785 me
127 723 199 785 non
219 725 362 805 accipere
374 730 491 786 tantum
511 726 585 785 haec
606 744 624 785 a
643 725 818 805 majoribus,
853 728 907 786 sed
927 731 1017 788 etiam

65 823 200 907 bostaris
221 823 342 885 tradere
372 824 539 895 conserunt„
582 824 665 891 auin
690 828 774 887 nobis
795 825 887 904 igitur
906 826 1016 887 laeien'

52 909 158 986 'dum
164 928 220 998 est,
242 915 460 1003 ¹qiioslominus
478 924 570 1003 jussit
591 941 657 986 esse
675 928 862 987 rineaesuae
876 925 1015 998 cultores,

66 1013 102 1087 et
118 1013 307 1086 'oeconomos
344 1024 560 1086 ecclesiarum!
601 1020 650 1085 An
680 1045 738 1085 non
768 1044 871 1104 agere,
904 1023 1015 1099 conari,-

66 1109 225 1207 suscipere
249 1126 347 1186 omnia
374 1122 528 1196 debemus,
556 1142 632 1204 qnae
653 1122 693 1186 ml
712 1126 962 1185 conservationem
984 1130 1016 1184 et

64 1207 316 1307 propiciationem
349 1228 439 1284 sanae
459 1223 623 1284 'doctrinae
652 1225 749 1301 aliquo
770 1224 856 1285 modo
877 1224 1017 1284 conduci-

65 1324 143 1385 bilia
160 1324 254 1385 sunit
295 1322 381 1383 llaec
403 1325 480 1383 euim
500 1328 554 1395 est,
577 1342 664 1400 quum
685 1342 743 1383 non
764 1326 859 1385 solum
880 1325 1016 1404 accipere

66 1413 137 1496 no's,'
157 1412 325 1485 sedetiam
346 1413 475 1503 postoris
497 1424 758 1485 traderedominus
779 1424 888 1513 voluit
919 1426 1015 1503 Spero

65 1526 174 1602 itaque
199 1542 259 1595 eos,
281 1522 331 1600 qui
345 1543 455 1583 sanam
476 1523 640 1584 doctrinam
660 1529 777 1596 asnant,
805 1527 835 1583 et
863 1522 901 1582 de
922 1524 1016 1583 eccle·

69 1619 260 1699 siaasaluto
280 1623 398 1683 solliciti
420 1630 497 1693 saint,
521 1624 598 1682 hanc
618 1643 714 1684 meam
734 1642 853 1703 operam
873 1624 1016 1701 probatu-

64 1716 120 1785 τοι
142 1742 225 1809 esse,
248 1707 343 1801 quam*
357 1724 457 1781 multis
475 1724 537 1800 jam
558 1725 642 1783 enisis
664 1725 695 1781 in
716 1724 745 1781 id
767 1723 854 1803 posui
874 1726 917 1792 ut,
939 1740 1016 1796 quae

64 1810 223 1884 lantherus
236 1824 266 1881 in
279 1816 513 1902 ¹schola‘publice
529 1822 638 1894 docuit,
652 1825 738 1882 etiam
753 1823 772 1880 ii
786 1821 895 1890 ridere,
914 1819 1015 1900 legere

64 1927 101 1984 et
121 1936 301 2003 cognoscere
321 1925 451 2003 possint,
474 1924 525 2000 qui
553 1923 812 2002 vaittenoorgam,
850 1920 1015 2000 theologiae

64 2026 100 2083 et
121 2012 251 2085 omnium
270 2027 419 2083 rectorum
440 2012 606 2082 studiorum
636 2023 831 2082 felicissimam
862 2022 1014 2091 officinam,

64 2142 222 2200 nunquam
253 2107 400 2184 ciderunt.
443 2124 505 2183 Nec
525 2106 653 2197 subito,
685 2121 711 2183 si
743 2121 829 2183 modo
852 2122 951 2199 aliqua
972 2120 1016 2180 lu-

62 2213 140 2283 tura
163 2241 223 2304 pax
244 2226 306 2294 est,
342 2227 373 2283 et
404 2239 462 2283 non
483 2216 580 2283 omnia
599 2222 685 2283 bellis
718 2240 754 2282 ac
787 2221 927 2282 caedibus
946 2246 949 2251 ·
965 2238 1016 2278 ra-

65 2323 239 2395 stuba'mtur‘,
254 2322 349 2414 nujus
371 2324 428 2381 mei
449 2322 559 2385 laboris
593 2322 721 2397 aliquem
753 2322 884 2382 fructum
916 2326 1016 2401 poste-

65 2421 190 2481 ritatem
196 2422 332 2501 quoque
351 2436 510 2503 sensuram
531 2440 606 2482 esse.

152 2511 247 2588 Quod
274 2526 374 2582 autem
408 2498 448 2580 ad
478 2522 533 2581 hos
549 2518 711 2599 malcum
737 2518 879 2599 psalmos
901 2485 1017 2583 attinet,

63 2618 136 2680 ialeo
157 2639 207 2681 eos
228 2622 414 2703 potissimum
431 2624 547 2682 exstare
566 2618 653 2692 solui,
674 2619 754 2697 quod
773 2636 833 2680 non
853 2617 948 2679 solum
968 2636 1019 2677 va-

62 2720 176 2780 rietate
195 2720 361 2802 argumenti
383 2719 546 2791 delectant,
589 2740 658 2780 narn
688 2719 797 2799 singuli
825 2720 887 2778 iere
916 2718 1017 2797 singu·
1082 2755 1092 2772 .-

63 2814 113 2879 los
135 2818 215 2880 looos
228 2820 406 2881 christianae
420 2818 575 2881 doetrinae
584 2820 837 2901 complectuntur:
852 2817 907 2878 secl
928 2818 1017 2875 etiarn

65 2918 215 2979 brevitate
245 2925 316 2981 sunt
344 2920 599 3001 commendabiles.
642 2920 683 2981 Et
713 2919 784 2997 quia
814 2920 852 2976 ob
887 2926 1017 2976 reserem

65 3032 170 3089 mum,
199 3036 287 3095 quem
310 3037 391 3101 papa
417 3022 447 3078 in
469 3020 601 3081 ecclesiis
633 3018 733 3081 calere
753 3017 853 3089 voluit,
887 3016 1017 3077 notiores

67 3120 156 3188 sunt,
179 3119 269 3177 etiam
289 3138 353 3177 eam
376 3121 412 3178 ob
433 3138 553 3180 causam
582 3120 656 3180 utile
676 3122 771 3179 visum
793 3121 846 3188 est,
875 3107 918 3188 ut,
941 3120 1018 3192 quae

65 3231 127 3273 usn
148 3216 303 3278 notissima
323 3224 432 3291 essent,
454 3224 527 3305 sana
547 3218 741 3301 explicatione
754 3216 894 3278 studiosis
912 3216 1018 3275 harum

63 3332 168 3375 rerum
189 3316 284 3396 magis
311 3298 595 3403 commendarentur.

152 3412 227 3474 Tibi
249 3422 328 3487 vero,
358 3418 498 3499 princeps
532 3418 739 3491 illustrissime,
769 3418 859 3476 hosce
886 3410 1017 3492 psalmos

68 3509 262 3595 potissimum
277 3514 428 3599 'dedicare'
444 3518 532 3590 solui,
553 3520 612 3579 non
642 3519 709 3579 ideo
737 3518 845 3586 solum,
879 3510 958 3589 quod
985 3510 1016 3566 in

66 3604 273 3673 ecclesiastico
301 3616 404 3676 ordine
425 3614 623 3697 praeclarum'
640 3616 738 3680 lacum
757 3622 857 3684 tenes,
888 3610 917 3668 id
938 3608 1016 3667 eninr

51 3707 171 3771 'multis
185 3705 378 3795 'pdncipilms
399 3713 505 3781 teeom'
524 3704 683 3782 (tommano
702 3721 762 3792 est,
779 3712 839 3778 sel
856 3706 948 3806 nuel*
960 3724 1036 3765 ww

945 3975 990 4026 *m
