2190 4064
242 194 246 201 ’
305 217 362 223 ’·
416 217 685 311 'eutimius
773 175 776 193 ¹
898 182 1008 299 ''er

57 387 125 462 qnia
148 388 265 445 namara
285 380 373 441 alitor
394 399 453 440 non
473 385 574 459 potest
595 382 734 460 cogitare,
756 401 824 443 cum
842 384 929 453 odet,
941 404 1012 466 pec·

57 492 160 545 astum
202 499 305 550 suum,
336 498 430 555 ‚quam
469 480 550 556 quod
579 480 662 540 Dens
696 486 870 559 peccatores
905 486 1019 547 oderit.-

55 582 143 642 llaec
163 587 214 641 est
235 580 382 658 sapientia
402 583 512 650 nostra,
534 580 588 639 sed
609 578 713 639 David·
727 581 815 645 aliem
836 585 1012 663 sapientiam

56 682 163 752 docet,
187 679 360 750 coelestem,
382 696 503 757 nempe,
531 679 612 755 quod
631 679 713 739 neus
733 686 904 759 peccatores
925 702 1012 744 veros
1057 757 1061 764 Ι

56 800 114 841 uon
140 762 290 858 abjicere,
310 778 365 837 sed
386 777 508 856 diligere
528 779 613 848 velit,
634 783 755 839 econtra
775 782 825 857 qui
848 782 924 842 hanc
944 800 1013 842 con·

56 880 222 940 lessionem
246 880 434 956 impugnant,
462 880 492 935 et
519 878 623 937 nolunt
656 896 722 937 esse
742 885 930 957 peccatores,
962 901 1013 943 eos

57 978 224 1039 mendaces
246 996 321 1064 esse,
343 980 374 1035 et
392 975 490 1039 Deum
512 976 609 1036 odisse
630 996 689 1059 eos.
731 978 805 1037 Nam
826 998 881 1039 cur
904 986 1021 1060 pavent·

57 1082 222 1159 peccator,
250 1081 304 1136 aut
324 1076 474 1165 curpiram
494 1079 628 1147 metuat,
656 1094 722 1135 eum
745 1075 827 1138 Deus
848 1080 961 1140 miserit
980 1081 1027 1153 fi-;

57 1177 132 1237 lum
156 1194 263 1246 suum,
289 1179 325 1234 ut
352 1188 407 1254 pro
429 1177 560 1254 peccatis
588 1174 793 1261 satisfaceretl
837 1178 900 1239 Non
920 1180 1013 1259 igitur

58 1277 94 1337 de
112 1276 242 1355 justitia
261 1275 413 1333 nobiscnm
434 1273 498 1333 vult
519 1274 701 1359 disceptare,
728 1274 783 1333 sed
803 1276 858 1336 hoc
878 1280 1013 1355 requirit,

58 1382 91 1437 ul
112 1392 318 1455 agnoscamus
339 1392 393 1433 nos
415 1392 481 1445 esse
501 1356 683 1453 peccatores.
725 1373 809 1434 Haec
830 1378 939 1456 agnitio
960 1396 1015 1439 sau

57 1476 211 1537 molossia
233 1478 280 1532 est
300 1475 425 1544 veritas,
454 1490 512 1531 nou
532 1472 749 1553 philosophica,
771 1493 859 1551 quam
880 1477 963 1536 audit
984 1483 1015 1538 et

57 1576 142 1635 viriet
162 1570 255 1644 ratio,
275 1572 332 1645 secl
351 1571 567 1651 theologica‘et
587 1572 768 1644 abscondita,
790 1592 877 1650 quam
898 1580 1016 1637 tantum
1042 1588 1048 1601 ²

57 1676 142 1735 videt
175 1678 211 1734 et
225 1672 322 1732 audit
350 1673 483 1751 spirituas
527 1670 621 1749 igitur
649 1670 732 1731 Deus
759 1664 912 1731 veritatem
938 1675 1017 1737 hauc

59 1774 177 1855 diligit,
207 1775 326 1841 contra,
348 1769 492 1848 quidquid
514 1789 572 1828 non
593 1776 639 1830 est
660 1764 691 1828 in
711 1771 768 1829 hac
788 1772 931 1845 veritate,
959 1775 1032 1836 hoc'

59 1874 138 1945 adit,
169 1871 253 1951 sicut
273 1870 342 1929 alibi
363 1871 450 1931 dicit:
492 1870 583 1941 „Nou
601 1860 702 1929 volens
724 1871 910 1947 iniquitatem
928 1878 965 1932 tu
983 1892 1016 1935 as

59 1972 177 2033 Deus.“
207 1961 399 2029 'Pharisaeus
419 1970 511 2055 igitur
532 1988 600 2028 cum
616 1970 733 2047 jejunia
753 1975 784 2029 et
804 1972 931 2033 virtutes·
945 1993 1016 2035 suas

59 2072 285 2140 commemorat,
310 2073 401 2145 atque
422 2068 487 2129 ideo
509 2088 541 2128 se
561 2067 624 2127 Deo
646 2069 766 2147 placere
793 2056 911 2144 statuit,
940 2074 1017 2134 falli·
1049 2128 1053 2139 ,

59 2181 130 2244 tur,
162 2170 239 2247 quie
263 2168 345 2229 Deus
367 2168 463 2248 diligit
493 2169 649 2227 veritatem
674 2168 705 2237 in
726 2170 907 2231 abscondito.
949 2173 1017 2235 Etsi

59 2274 159 2353 igitur
179 2266 303 2348 politica
323 2269 433 2327 veritas
454 2267 554 2340 adest,
586 2265 686 2325 tamen
707 2267 763 2326 nisi
792 2270 916 2330 accedat
943 2273 1018 2363 haee

58 2369 245 2447 theologice,
266 2366 339 2426 nihil
359 2368 415 2426 nisi
437 2366 534 2426 odium
557 2371 587 2449 et
609 2368 660 2425 ira·
672 2364 729 2424 Dei
750 2365 935 2443 relinquitur.

146 2467 290 2541 „incerta
315 2474 345 2524 et
366 2466 483 2525 occulta
503 2457 666 2543 sapientiae
694 2469 764 2523 tuae
786 2469 863 2527 etc“
903 2469 956 2528 Tu
976 2474 1020 2531 sic

61 2568 179 2632 reside:
222 2567 255 2624 ln
284 2567 410 2627 obscuro
441 2565 489 2624 vel
511 2562 714 2623 absconditum
743 2564 918 2643 sapientiam
946 2570 1020 2631 doce

63 2690 121 2729 me.
167 2666 228 2727 Est
248 2670 345 2727 autem
369 2664 471 2723 eadem
500 2663 647 2722 sententia
674 2680 740 2721 cum
761 2666 922 2742 superiore.
965 2670 1021 2729 Sa·
1092 2722 1094 2727 ,

64 2767 186 2849 pientia
206 2766 285 2824 enim
307 2765 467 2822 et'veritas
489 2768 559 2825 sunt
579 2762 666 2833 idem,
689 2762 767 2821 sicut
779 2762 890 2824 Paulus
903 2786 1020 2846 qnoque

66 2867 179 2927 eudem
202 2862 415 2942 significatione
435 2866 563 2939 utraque
583 2863 694 2920 utitur:
736 2860 930 2931 „Detinentes
945 2871 1021 2927 veri-
1049 2906 1080 2919 ·-

68 2971 164 3025 tatem
192 2962 250 3021 Dei
284 2963 315 3019 in
343 2961 528 3032 mendacio,“
564 2962 647 3019 Rom.
673 2965 699 3019 1.
729 2964 759 3020 et
787 2962 1020 3029 incorinthiis:

69 3063 247 3143 „Sapientia
268 3062 297 3118 in
312 3062 458 3136 mysterio
480 3061 679 3129 absconditu,“
699 3059 756 3119 hoc
776 3066 830 3132 est,
852 3081 940 3139 quam
956 3068 1022 3127 nul-

69 3165 116 3225 lus
138 3162 294 3240 cognovit,
325 3161 373 3219 cui
394 3161 470 3220 ratio
492 3178 550 3218 non
571 3162 670 3238 potest
691 3160 829 3219 assentiri
851 3181 886 3221 ac
907 3166 1022 3244 subjici,

71 3266 150 3325 sicut
172 3261 311 3319 Christus
332 3260 404 3319 dicit
425 3259 530 3319 llatlh.
555 3264 618 3319 ll.:
651 3255 859 3329 ,Abscondisti
880 3281 916 3321 ea
937 3283 957 3322 a·
975 3284 1024 3326 eu·

72 3360 242 3442 pientinus,
264 3363 295 3417 et
315 3359 452 3431 revelasti
473 3358 635 3439 parvulis.“
676 3358 742 3417 Non
762 3364 848 3419 vocat
868 3365 1024 3425 alescendi·

72 3470 134 3519 tam
155 3477 175 3517 a
195 3458 296 3518 stultis
318 3462 349 3518 et
368 3459 568 3539 simplicibus,
592 3456 647 3517 sed
667 3475 686 3515 a
705 3458 890 3537 principibus
912 3463 1022 3536 mundi,

74 3561 111 3619 ab
132 3559 253 3637 optimis
273 3563 305 3616 et
325 3559 565 3636 sapientissimis,
592 3560 627 3615 ut
647 3554 720 3613 nihil
741 3555 778 3614 de
799 3559 855 3618 hac
876 3562 1024 3639 sapientia

75 3657 250 3737 intelligant.
292 3654 377 3735 Ergo
394 3659 550 3744 manifesta
570 3673 661 3716 eausa
682 3660 745 3727 est,
773 3674 827 3716 cur
859 3664 923 3719 tum
949 3661 1028 3739 ueri·-

101 3758 195 3801 numeri
208 3756 253 3812 op.
267 3762 351 3811 unet.
368 3756 414 3798 Vol.
432 3762 488 3803 xlx.
580 3807 585 3817 ¹
772 3760 796 3822 ἦ
