2204 4058
305 162 324 255 '.
419 214 768 303 torminosos
980 192 1043 287 mo
1085 308 1091 325 „

51 364 89 423 ol
121 372 124 377 '
149 352 225 451 opes
258 368 490 449 relinquendae,
507 373 587 429 sunt.
629 370 734 447 ltaque
770 371 924 434 custodem
950 372 1041 449 hunc,

52 462 121 539 qui
149 472 189 529 -in
207 469 268 529 lide
290 475 321 530 et
340 472 431 531 verbo
453 469 600 541 custodit,
621 470 757 549 negligit.

169 569 227 629 llos
250 571 350 648 igitur,
372 562 423 647 qni
444 589 546 630 sumus
568 568 734 642 credentes,
765 576 796 631 et
824 573 912 632 letam
928 566 1042 635 'mundi

54 658 284 729 miserabilem
305 672 480 730 coecitatem
499 669 642 739 ridemus,
664 674 745 730 certo
767 676 934 731 statuamus
958 672 1040 738 illam

57 757 155 825 fidei
176 772 207 829 et
226 768 430 829 absconditam
451 756 617 832 custodiam
639 790 730 852 super
751 791 804 831 nos
825 791 890 830 esse
908 764 1040 853 omnipo-

57 863 205 927 tentem.
247 868 321 929 Huc·
345 871 423 951 euim
445 890 501 931 nos
522 874 673 953 scriptura
695 877 800 932 salicta
829 869 966 942 deducit,
1002 890 1039 931 ac

51 958 317 1052 doceo-mgnum
339 969 448 1031 diaboli
471 990 538 1033 esso
558 989 685 1052 regnum
713 972 846 1050 peccati,
874 972 978 1030 mortis
1006 975 1038 1030 et

59 1068 245 1139 mendacii,
266 1074 367 1130 stante
393 1075 493 1131 autem
513 1072 575 1139 hou¹
590 1073 737 1151 principio
749 1073 908 1147 sequitur,
937 1069 1039 1132 diabo-
1069 1080 1073 1093 ¹

60 1156 141 1223 lum
167 1169 247 1229 omui
277 1175 424 1230 momento
451 1170 613 1233 sollicitare
642 1157 775 1231 homines
804 1170 844 1229 ad
869 1175 1040 1250 peccatum,

17 1270 23 1279 '
60 1265 219 1328 occidere
249 1272 279 1329 et
307 1256 466 1343 seducere,
494 1274 548 1331 aut
576 1271 683 1331 saltem
712 1273 824 1343 conari,
865 1275 901 1331 ut
928 1289 1035 1350 pecce-

60 1358 159 1441 iml8,
180 1369 350 1440 moriamur,
374 1389 515 1431 erremus.
557 1372 610 1430 Sic
631 1390 733 1431 sumus
755 1389 872 1450 semper
884 1372 916 1463 in
931 1375 1035 1440 morte,

61 1474 202 1549 temper
223 1487 326 1551 sumus
347 1470 378 1553 iu
397 1470 531 1549 periculo
546 1471 704 1550 impierum
726 1473 894 1550 opinionum
916 1476 947 1530 ot
964 1490 1035 1550 pec-

62 1562 167 1639 cati„
194 1567 276 1633 Quid
297 1572 398 1627 autem
418 1588 472 1629 nos
493 1568 618 1629 iacimus
640 1571 670 1629 in
691 1572 759 1630 istis
787 1574 917 1629 Satanae
945 1589 1033 1631 cona-

62 1656 183 1727 tibusl
204 1666 354 1727 [locemus
374 1668 497 1741 scilicet,
519 1669 685 1741 scribimus,
706 1670 840 1751 legimns,
863 1669 1033 1741 dormimus,

65 1754 212 1839 edimus,
251 1769 395 1840 bibimus,
433 1787 604 1828 exercemus
631 1770 689 1829 alio
719 1770 814 1829 officia
843 1770 974 1848 eorporis
1001 1773 1034 1849 et

64 1872 231 1927 seusuum.
273 1867 332 1928 Hie
353 1867 502 1947 theologia
522 1872 625 1928 nostra
646 1888 699 1929 uos
720 1871 808 1930 docet
826 1888 883 1949 per
899 1871 1033 1930 nostram

65 1968 306 2037 experientiam:
342 1968 404 2026 Nisi
432 1968 570 2048 vigilaret
595 1969 695 2041 Deus,
731 1989 798 2029 cnm
826 1988 880 2048 ego
910 1968 1031 2039 dormio,

64 2053 133 2119 ”lsi
154 2071 232 2126 esset
253 2067 406 2137 sollicitus,
427 2087 495 2127 eum
517 2087 571 2148 ogo
591 2069 663 2127 nihil
685 2089 766 2139 curo,
788 2069 843 2128 nisi
858 2068 1033 2130 defenderet

65 2154 96 2207 el
128 2150 400 2245 custodirebme,
418 2186 485 2227 cum
507 2188 561 2247 ego
583 2188 708 2229 securus
730 2189 811 2240 suin,
841 2168 927 2228 lieret
951 2170 1030 2228 omui
1056 2168 1061 2182 '

62 2266 244 2339 momento,
264 2271 300 2326 ut
320 2285 519 2340 moreremur,
541 2271 744 2328 amitteremus
765 2268 930 2344 loquelam,
959 2287 1030 2329 ocu-

63 2344 115 2411 l⁰⁸
128 2405 141 2431 ,
163 2378 265 2443 aures,
286 2385 400 2436 manus,
421 2366 516 2445 pedes
538 2372 594 2426 oto.
639 2368 728 2431 ltuod
748 2368 840 2445 igitur
861 2367 935 2425 haec
957 2386 1030 2426 nou-

63 2463 231 2543 ”llllquam
252 2450 400 2538 accidunt,
421 2472 457 2526 ut
476 2470 597 2551 praeter
619 2485 703 2544 spem
724 2486 804 2536 uxor,
825 2465 920 2536 liberi,
942 2469 1029 2527 amici

61 2560 260 2639 morientur„
272 2570 325 2625 aut
345 2566 534 2645 implicentur
548 2569 662 2644 magnis
679 2566 829 2645 periculis,
853 2571 1029 2651 argumento

62 2652 131 2727 Μ,
157 2666 236 2743 quod
257 2658 365 2726 diaboli
386 2686 511 2746 rognum
533 2670 579 2725 est
598 2684 724 2745 regnum
739 2667 842 2724 mortis
857 2670 887 2725 et
903 2667 1029 2745 peccati.

59 2740 97 2801 ¹¹¹
137 2764 195 2827 boc
220 2785 314 2845 regno
342 2768 412 2843 quio
440 2767 582 2837 vivimus,
619 2765 689 2823 dum
717 2766 747 2822 in
778 2765 887 2851 mundo
915 2785 1030 2841 sumus,

59 2858 195 2938 ιι(ῧῦίιὶἰὲ,
214 2870 251 2925 ut
271 2867 361 2925 etiarn
381 2866 515 2925 nolentes
535 2884 624 2945 saepe
640 2866 668 2923 ln
683 2869 809 2944 peccata
825 2864 1028 2942 conjiciamur.

59 2940 126 3013 ⁸5¹¹·
148 2962 247 3043 David
266 2966 414 3026 homicida
435 2975 465 3026 et
488 2965 607 3024 adulter
624 2963 665 3036 fit,
688 2969 722 3023 ut
738 2965 886 3024 discamus
901 2984 1028 3043 regnum

58 3036 187 3127 diaboli
208 3085 275 3127 esse
297 3071 327 3124 in
347 3066 405 3126 hoc
424 3066 551 3141 mundo,
573 3064 612 3124 ad
631 3064 816 3143 peccandum
838 3068 869 3124 et
891 3065 1027 3125 occiden-

58 3136 158 3225 dum.
199 3165 290 3250 Quod
318 3166 409 3245 igitur
430 3167 528 3226 adhuc
548 3166 713 3244 spiramus,
741 3164 821 3240 quod
849 3184 909 3223 non
930 3167 1027 3242 quoti-

57 3236 121 3311 (ΗΕ
137 3266 167 3323 in
178 3270 281 3345 gravia
290 3270 416 3346 peccata
430 3265 595 3336 incidimus,
612 3269 658 3323 est
672 3265 750 3323 illius
765 3265 897 3325 custodis
910 3265 957 3335 ,de
965 3282 1025 3342 quo

59 3336 122 3413 ¹¹¹0
144 3364 241 3425 David
262 3364 403 3441 loquitur.
431 3364 497 3425 Hoc
515 3364 666 3424 concludit
686 3364 833 3443 theologia
849 3371 878 3426 et
898 3367 940 3445 pii
961 3385 1028 3426 cro-

63 3436 161 3525 (lunt,
181 3466 387 3547 Experiuntur
399 3466 476 3525 enim
492 3478 545 3524 suo
564 3468 595 3523 et
610 3466 701 3522 totius
725 3464 867 3524 ecclesiae
884 3464 1026 3543 exemplo,

69 3557 138 3620 ¹¹⁰n
157 3566 311 3643 quiescere
332 3567 415 3644 prius
437 3566 597 3637 Satanam,
624 3583 712 3640 quem
740 3569 793 3625 out
820 3567 946 3624 animam
972 3566 1028 3624 aut

74 3658 185 3745 ‘lmus
207 3666 366 3728 occiderit:
381 3665 503 3728 animae
525 3665 643 3726 exitium
661 3667 778 3743 quaerit
789 3683 845 3745 per
864 3663 1033 3729 mendacis«
