2190 4064
111 250 170 309 ltu
319 297 321 301 .
458 243 676 306 'Enarratio

63 432 67 449 ι
110 399 240 459 cordiani
258 394 497 475 patrisfamilias,
533 396 587 454 sed
610 399 657 454 vir
678 396 832 474 digressus
854 399 891 455 ab
913 399 1003 471 hero,
1024 402 1069 459 in·

113 499 185 558 cidit
205 498 234 555 in
256 513 439 564 conservum,
462 498 492 552 et
513 493 547 551 dt
566 496 686 554 immitis
707 497 855 555 homicida
871 516 906 555 ac
927 499 1068 560 crudelis.

130 578 144 659 ,ἵ
194 595 256 652 Sed
277 595 325 652 hic
347 595 453 651 iterum
477 592 630 665 admoneo,
653 595 734 671 quod
756 615 859 674 supra.
899 597 977 661 Quia
992 600 1068 656 enim

109 694 206 754 David
226 696 285 752 ista
305 695 381 772 petit
404 712 422 751 a
444 691 574 764 domiuo,
598 676 665 752 ideo
687 695 842 753 manifeste
864 698 948 755 nobis
971 703 1069 756 osteu-

109 795 161 866 dit,
183 813 241 852 non
264 813 329 852 esse
351 793 443 851 nostri
467 793 565 871 operis
587 797 639 852 aut
660 794 766 852 virium
787 799 976 865 nostrarum,
999 815 1068 854 con·

109 913 228 953 servare
249 895 308 951 ista
328 892 413 963 dona,
437 891 500 950 sed·
513 884 578 961 es'se
600 910 653 953 nos
674 895 787 971 positos
815 895 845 950 in
868 914 902 952 eo
923 895 1067 972 periculo,

109 1013 147 1051 ne
168 993 371 1072 projiciamur.
413 990 480 1049 Hoc
497 992 607 1069 projici
622 988 691 1048 'tum
706 991 748 1062 fit,
771 1011 836 1050 cum
856 992 991 1051 dominus
1013 1013 1067 1052 nos

9 1108 13 1118 '
107 1090 363 1176 relinquit'nobis,¹
381 1095 411 1148 et
428 1090 732 1168 subtrahithpiritum
749 1110 852 1163 suum,
874 1094 951 1150 sieut
971 1095 1067 1171 scrip·

109 1197 178 1251 tura
200 1191 286 1248 dicit:
329 1190 467 1260 „Dimisit
485 1209 540 1249 eos
561 1190 592 1246 iu
613 1206 668 1247 sua
694 1189 869 1248 desideria.“
910 1191 976 1248 Hoc
998 1211 1066 1249 cum

108 1291 156 1361 fit,
176 1276 275 1349 statim
298 1288 489 1348 concidimus.
533 1287 607 1346 Nam
636 1292 689 1346 aut
720 1289 933 1368 cupiditatibus
955 1293 1064 1349 nostris

26 1442 30 1459 ,
108 1390 312 1468 indulgemus,
335 1389 412 1447 sicut
433 1387 532 1446 David
552 1389 582 1444 in
604 1386 764 1459 adulterio,
786 1386 890 1448 autin
911 1407 1064 1467 praesum-

107 1491 218 1561 tionem
253 1493 304 1549 aut
329 1488 367 1546 de
408 1480 607 1572 sperationem
638 1486 832 1566 prolabimur.
875 1488 943 1548 ldeo
977 1491 1063 1548 dicit:

107 1590 169 1677 „Ne
198 1609 244 1649 me
265 1589 434 1668 projicias,“
453 1588 510 1647 hoe
531 1591 585 1663 est,
607 1607 645 1646 ne
667 1586 787 1647 deseras
806 1608 853 1647 me
874 1589 990 1667 Spiritu
1011 1594 1064 1647 tuo

108 1689 329 1761 sanctificante,
352 1706 419 1746 uam
441 1687 497 1747 hoc
519 1706 586 1745 curn
608 1687 650 1759 fit,
670 1707 740 1746 vere
766 1687 921 1766 projectus
943 1707 1008 1747 sum
1029 1708 1066 1747 ac

107 1791 192 1867 perii,
214 1794 263 1860 „et
298 1789 443 1866 Spiritum
474 1791 559 1846 tuum
581 1793 716 1847 sanctum
746 1807 783 1845 ne
812 1788 930 1847 auferas
951 1806 969 1846 a
989 1795 1064 1847 me.“

107 1888 233 1946 Fatetur
254 1888 329 1945 enim
340 1888 485 1964 Spiritum
506 1891 643 1945 sanctum
664 1905 698 1945 se
711 1886 829 1957 habeta
852 1888 904 1946 sed
926 1888 1058 1946 nondum

107 1987 242 2064 perfecte
265 1990 320 2044 aut·
337 1989 456 2054 totum‚·
470 1991 540 2057 suut
562 1985 637 2042 enim
660 1988 775 2042 tantum
797 1987 946 2064 primitiae
969 1990 1064 2065 Spiri-

96 2065 171 2156 tus,
198 2090 268 2164 post
288 2087 365 2154 hanc
393 2076 483 2141 vita’m
505 2088 604 2141 autem
625 2082 684 2154 fiet,
705 2090 739 2142 ut
757 2084 972 2163 plenitudinem
995 2088 1063 2165 Spi-

107 2176 184 2243 ritus
207 2185 487 2259 consequamur„et
507 2181 620 2253 fiamus,
642 2184 806 2262 sicutipse
829 2189 883 2244 est.
920 2187 971 2244 Sic
993 2206 1063 2244 con·

106 2284 260 2362 jungenda
281 2287 351 2343 sunt
371 2285 444 2341 haec
467 2281 534 2353 duo,
555 2285 590 2340 ut
611 2283 826 2360 perspiritum
844 2288 979 2343 sanctum
999 2306 1062 2345 ser-

107 2404 211 2443 vemur
232 2385 269 2443 ab
299 2384 433 2441 omnibus
455 2364 701 2458 inquinamentis,
723 2383 849 2444 interius
871 2388 901 2443 et
922 2388 1061 2458 exterius,

108 2486 232 2563 spiritus
265 2487 296 2541 et
323 2484 436 2553 earnis,
465 2486 511 2541 ut·
530 2482 621 2547 corda
647 2486 750 2542 nostra
781 2478 931 2544 fiant'ceu'
951 2503 1060 2563 purum

53 2660 56 2667 Ι
107 2582 320 2664 habitaculum,
332 2581 380 2648 ,ad
402 2578 487 2657 quod
503 2600 562 2640 nou
582 2586 686 2662 pateat
700 2581 815 2667 reditus
834 2584 983 2644 immundo
1001 2586 1061 2662 spi-

107 2683 194 2753 ritui,
230 2664 309 2739 sicut
331 2681 468 2741 Christus
497 2683 585 2741 etiam
617 2682 705 2741 docet
738 2684 768 2739 in
790 2682 949 2762 evangelio.
993 2684 1060 2743 Jam

62 2830 65 2836 .
97 2781 244 2861 'sequitur
266 2780 303 2840 de
324 2782 412 2840 tertio
435 2781 511 2841 dono
533 2783 665 2860 spiritua.

542 2880 623 2939 Xlll.

105 2978 237 3039 Redde
258 2979 352 3059 mihi
374 2979 582 3039 laetitiam
603 2981 804 3041 salutaris
826 2981 896 3052 tui,
919 2988 954 3040 et
976 2983 1059 3062 Spi-

271 3062 891 3167 rituprincipalico‘niirmama

152 3198 154 3203 ·
189 3177 256 3238 Hoc
274 3172 480 3256 jam'tertium
501 3178 611 3238 donum
632 3181 763 3259 Spiritus
785 3183 880 3239 sancti
904 3186 957 3254 est,
979 3184 1060 3258 quod

106 3279 162 3365 sibi
182 3280 261 3356 petit
282 3278 427 3350 conferri,
459 3296 495 3337 ac
515 3297 588 3339 sano
618 3280 742 3360 insignis
780 3285 827 3339 est
848 3281 934 3353 ordo,
969 3302 1058 3358 quem

106 3377 255 3456 propheta
276 3378 426 3454 sequitur,
447 3378 534 3455 quasi
554 3378 650 3459 dicat:
694 3380 768 3436 Sum
785 3379 848 3457 jam
866 3380 967 3459 justus
990 3401 1058 3460 gra-

104 3478 147 3535 tia
167 3475 242 3548 Dei,
275 3478 345 3553 quia
379 3482 444 3537 suin
472 3472 573 3537 certus
603 3476 641 3537 de
662 3478 834 3539 remissione
854 3484 1056 3559 peccatorum,

106 3575 213 3634 aetnae
245 3595 309 3635 sum
340 3578 427 3636 eoam
449 3560 668 3651 sanctificatus,
695 3579 813 3639 ambulo
837 3581 914 3640 enm
935 3581 965 3639 n
987 3582 1057 3640 oae-

105 3674 216 3735 dientia
237 3680 267 3735 et
289 3676 483 3735 sanctimonia
498 3670 731 3759 'praeceptorum
754 3677 872 3769 domini,
902 3697 938 3739 ac
959 3681 1056 3755 quoti-

408 3938 447 4005 Α
