2190 4064
85 137 155 214 sat
347 215 365 239 1
391 130 410 182 ‘x
456 130 674 211 Esurratio
702 180 708 191 ‹

92 282 180 363 dicit:
207 301 299 372 .„i’ro
318 300 376 361 bae
396 303 493 362 orabit
512 290 553 361 evi
568 302 607 363 vis
627 304 722 365 omnis
743 310 905 376 :now
924 305 1034 377 edbert.

91 412 128 468 nt
148 404 297 467 condones
318 388 454 484 ¹peecata.
650 484 651 489 η

72 546 82 561 ·
174 512 231 572 [ibi
254 512 345 592 igitur
365 516 452 582 sunt,
485 513 537 588 qui
554 512 702 588 justitiam
729 526 861 591 operum
885 518 1032 593 tantqm

91 616 288 719 perquirenti
321 634 389 675 cum
412 615 513 675 David·
528 616 704 705 simpliciter
725 594 822 695 opera
844 622 879 677 et
899 618 1031 697 justitian

92 742 208 785 ornnem
228 722 348 799 abjiciet
361 722 390 778 in
404 726 567 799 conspeetu
582 720 655 791 Dei‚'
668 725 699 780 et
711 721 895 800 simpliciter
914 723 970 782 hoe
987 740 1030 801 qe·

90 835 146 898 tat,
167 848 204 889 ne
226 829 363 887 observet
381 825 517 903 dominus
538 826 731 902 iniquitutest
776 822 822 885 Ae
844 844 921 887 sane
940 827 1029 888 atver-

91 936 162 995 sarii
174 934 266 993 nostri
281 948 360 992 nune
377 932 529 1009 aliquanto
549 931 731 991 moderatius
752 930 933 1013 loquuntur,
953 950 1027 1010 quun

91 1041 184 1100 initio.
240 1037 303 1096 Non
335 1038 411 1096 enirn
440 1038 614 1117 simpliciter
642 1040 753 1115 negant
782 1036 931 1117 amplius,
961 1037 1025 1117 quot

90 1144 165 1205 tides
173 1142 325 1223 justifiret,
347 1145 400 1202 sed
417 1144 534 1202 addunt
554 1148 664 1214 tameo,
687 1160 750 1202 eam
774 1142 874 1215 iidem,
898 1162 973 1222 quse
988 1145 1026 1223 ju·

92 1252 216 1322 stitioat,
252 1249 361 1308 debere
392 1250 518 1308 caritate
548 1248 704 1308 formatam
730 1267 814 1320 esse,
848 1252 895 1310 sic
926 1250 1024 1311 seilie'et

91 1357 227 1438 picarum
248 1356 346 1415 instar
366 1374 424 1415 non
445 1354 597 1414 intellecta
624 1348 716 1412 rerba
736 1360 854 1415 sonant.
901 1355 961 1417 sao
978 1357 1025 1415 ior-

91 1480 156 1525 nses
176 1461 263 1521 fidem
285 1478 462 1538 quocunque
484 1460 569 1519 modo
587 1458 678 1531 veiis,
705 1458 781 1519 baeu
802 1462 951 1539 generatis
970 1480 1025 1521 sen·

91 1571 187 1629 tentia
219 1573 282 1627 est:
322 1567 374 1637 „Si
394 1566 568 1642 iniquitates
590 1566 793 1625 observaveris
816 1563 949 1638 domine,
983 1566 1025 1624 do·

91 1675 170 1735 mine
191 1674 274 1750 quis,
310 1672 376 1747 quis
398 1670 589 1735 sustinebiti-
621 1669 727 1727 Nuiins
749 1669 875 1729 scilicet.
918 1670 1023 1729 Naarsi

91 1780 159 1855 qnis
187 1778 337 1837 sustinere
363 1758 480 1854 posset}
512 1775 646 1854 proiecto
666 1773 763 1833 David
795 1792 916 1851 quoque
948 1776 1024 1836 susti·

91 1874 223 1952 unisset,
253 1883 299 1940 vir
319 1888 380 1939 tam
408 1886 547 1951 sanctus,
568 1882 598 1938 iu
619 1881 708 1938 verbo
729 1878 785 1938 Dei
807 1881 1024 1951 tanneruditut,

90 1993 136 2047 tot
157 1984 241 2044 maiis
270 1988 300 2043 et
327 1985 469 2063 periculis
490 1986 578 2044 toties
600 1985 747 2043 exereitus
769 1984 808 2042 ad
832 1970 923 2045 fioem
944 1986 1024 2047 eto

90 2109 202 2163 rnorem
222 2089 288 2148 Dei.
339 2089 442 2163 Neque
471 2090 547 2146 enirn
577 2088 667 2148 credo
695 2098 757 2147 tam
781 2108 850 2150 esse
871 2093 1024 2171 impudenti

91 2197 186 2254 animo
209 2212 376 2281 quenquam
399 2197 477 2253 inter
499 2212 600 2253 onrnes
622 2195 766 2271 popinas,
793 2198 845 2270 qui
868 2215 928 2256 non
949 2197 1025 2275 longe

90 2320 132 2372 se,
154 2301 179 2358 si
195 2299 341 2378 justitiam
362 2317 484 2377 operum
506 2307 634 2377 spectes,
655 2299 732 2358 inira
746 2299 891 2360 Davidem
909 2305 1024 2382 abjiciat

90 2412 121 2465 et
147 2410 246 2466 tamen
273 2405 346 2464 dicit
365 2403 477 2464 David:
520 2404 642 2463 iustitia
675 2422 733 2461 non
765 2411 811 2463 est
843 2424 902 2485 per
937 2426 1025 2488 opere,

91 2512 206 2586 quiesi
228 2510 398 2584 iniquitates
421 2511 632 2581 observaveris,
654 2528 739 2568 nemo
759 2511 931 2570 sustinebit.

172 2615 276 2682 Quare
297 2614 462 2684 diseamus,
498 2633 536 2671 ne
564 2612 604 2671 ad
629 2612 773 2692 judicium
795 2612 851 2672 Dei
883 2618 1026 2674 veniamus

89 2720 199 2781 fiducia
212 2724 380 2780 nostrorum
400 2737 523 2797 operum
544 2723 598 2778 aut
614 2718 751 2795 justitias
766 2723 898 2791 nostrae,
921 2720 1026 2780 etiarnsi

88 2825 261 2884 fecissemus
283 2823 394 2894 omnia,
426 2841 504 2900 quae
523 2825 724 2901 potuissemus
745 2824 854 2883 faeere.
906 2827 1027 2886 Narrant

89 2928 128 2986 de
149 2927 292 2986 Arsenieo
306 2923 380 3002 ¹³),
401 2927 507 2998 credo,
529 2947 596 2986 enm
618 2928 823 3000 decubuisset,
847 2934 912 2988 toto
935 2932 1027 2989 triduo

88 3034 162 3090 mire
183 3034 278 3089 animo
297 3031 388 3090 inisse
410 3036 643 3092 consternatum.
684 3033 718 3091 ld
740 3052 807 3092 cum
830 3035 969 3094 viderent
990 3036 1028 3092 di·

64 3144 67 3149 '
89 3136 212 3216 scipuli,
234 3137 396 3206 accedunt,
426 3139 599 3214 magistrum
622 3138 828 3210 consolantur,
864 3140 938 3197 nihii
960 3159 1027 3209 esse„

88 3262 144 3304 car
164 3242 295 3320 trepidet
315 3242 426 3312 animo,
448 3243 553 3301 vixisse
573 3260 641 3299 eum
662 3242 827 3301 secuudum
848 3243 1028 3303 voluntatens

88 3347 153 3407 Dei.
195 3345 253 3404 Hie
271 3343 449 3406 Arsenieus:
491 3347 683 3418 inveritate,
705 3349 816 3423 inquit,
838 3347 945 3421 timeo,
967 3368 1029 3407 nan

89 3454 145 3512 etsi
167 3472 203 3511 ex
221 3450 304 3510 vobis
324 3450 429 3524 audio,
451 3471 497 3511 me
518 3470 655 3512 servasse
675 3452 818 3513 mandata
838 3450 912 3524 Dei,
935 3458 1030 3515 umen

90 3595 335 3611 W

160 3679 209 3753 1³)
229 3677 391 3736 Arauricus.

302 3908 574 3986 A}
