2190 4064
70 120 120 181 -ro
303 86 656 212 sumeretne
738 208 741 213 Ι
825 88 851 129 “·

79 273 232 342 arentem,
258 269 355 333 donee
374 252 525 359 prophete
542 272 695 345 domiuum
713 276 835 349 curet,
847 261 898 345 ,ἀ
914 273 1011 339 usit

76 375 157 439 oculi
176 366 375 455 operirentur.
416 375 460 437 lbi
481 378 555 441 (licit
582 382 683 450 tentus
712 380 825 445 vidisse
846 400 916 445 eum
941 402 1011 445 mon·

76 487 124 545 tes
151 485 262 567 vicinos
288 482 394 562 plenos
425 484 526 563 ignitis
556 487 711 558 curribus,
741 489 774 547 et
795 489 1011 566 equititum

77 588 287 665 comdantibus
297 588 479 662 Helisaeum,
501 609 538 651 ec
556 591 795 655 defendentibus.
838 594 1011 655 Praesidium
1038 570 1041 575 .

76 695 169 773 igitur
195 693 266 765 hoe,
295 695 376 772 quod
396 700 460 755 tum
481 697 595 775 opertis
616 697 709 763 oculis
730 696 903 777 prophetae
921 718 1011 760 servus

75 802 168 873 sidit,
195 799 349 881 propheta
372 807 473 873 autem
492 803 620 863 eredidit
641 804 729 863 etiam
763 821 833 861 eum
860 822 922 864 nou
947 805 1012 867 tite

69 912 138 980 ret,
159 886 231 968 dicit
251 907 384 988 psalmus
406 927 472 968 esse
493 910 573 968 eirca
594 927 712 975 omnes,
737 908 790 984 qni
818 909 1011 971 confiduntiu

75 1013 202 1085 domino,
217 1013 303 1073 'sieut
324 1013 413 1072 etiam
428 1014 562 1093 psalmus
576 1017 642 1075 34:
662 1011 814 1097 „Angelus
837 1013 1012 1077 dominicis·

76 1119 236 1186 eumvallot
270 1119 409 1215 timentgs
439 1123 543 1178 'cumi‘
591 1118 653 1179 Sed
684 1116 778 1178 oculi
803 1121 901 1181 nostri
930 1121 1011 1183 densi

63 1218 166 1300 nunt,
186 1229 218 1286 et
238 1223 381 1285 miracula
401 1224 475 1285 haec
495 1223 685 1296 nousident
707 1198 784 1301 quise
804 1228 908 1285 tamen
929 1226 1012 1303 quoti·

75 1331 124 1392 slie
147 1331 299 1391 sentimus.

75 1482 78 1489 .
157 1436 223 1497 Non
236 1436 328 1514 igitur
340 1433 417 1494 fallit
430 1435 586 1514 promissio
601 1436 691 1523 haee,
713 1439 832 1496 tautum
848 1454 888 1495 ne
902 1454 956 1496 nos
969 1434 1013 1495 tu

74 1540 181 1607 lemur.
202 1527 306 1617 ltaque
314 1542 339 1602 si
347 1541 545 1612 crederemus,
560 1541 764 1612 dormiremus,
773 1540 952 1613 viveremus,
962 1558 1014 1600 mo

72 1667 209 1709 ueremur
219 1667 332 1717 secure,
354 1649 411 1708 imo
433 1647 515 1724 quod
535 1646 604 1726 plus
624 1650 680 1717 est,
701 1638 790 1706 etiam
811 1659 921 1706 secure
940 1651 1014 1727 pute·

70 1726 184 1819 neuun.
228 1756 280 1814 Sic
301 1753 377 1813 enim
398 1756 611 1832 cogitaremus:
644 1753 678 1811 Si
698 1751 772 1828 quid
792 1752 895 1829 patior
914 1753 1015 1834 ¹intono
1052 1772 1054 1803 ε

66 1858 161 1930 ‚modi
184 1863 298 1920 certum
319 1862 367 1918 est
387 1877 435 1917 me
455 1859 487 1917 id
507 1860 571 1937 pati
591 1876 697 1937 magno
719 1856 775 1916 Dei
797 1858 942 1930 consilio,
964 1876 1014 1918 uon

27 1990 30 2000 ·
66 1967 203 2035 temere,
232 1963 287 2023 sed
312 1983 347 2023 er
375 1968 458 2023 certa
475 1965 605 2034 ratione,
642 1981 730 2039 quam
758 1981 812 2039 ego
839 1981 901 2021 uon
928 1963 1014 2032 video,

73 2086 130 2127 uee
160 2045 286 2126 fortasse
307 2085 387 2125 nuuc
413 2065 555 2144 intelligo.
607 2069 640 2126 Si
661 2069 763 2144 itaque
784 2067 882 2126 Satan
904 2085 1015 2127 murum

66 2171 205 2253 ,perfodit
225 2172 256 2229 in
276 2190 336 2230 nna
362 2175 466 2250 parte,
496 2175 675 2231 nontamen
697 2172 764 2231 ideo
786 2190 906 2230 murum
927 2176 1015 2233 totum

73 2278 189 2339 evertit.
233 2278 284 2338 Sic
304 2278 501 2356 cogitaremus
522 2277 552 2334 in
573 2275 724 2356 periculis,
746 2280 777 2335 et
798 2277 1016 2337 consolaremur

29 2410 32 2417 ·
71 2403 128 2445 uos
147 2368 226 2444 boue
246 2384 304 2444 Dei
323 2383 476 2443 voluntate
488 2401 560 2460 erge
580 2401 642 2441 nos.
678 2382 740 2441 Sed
761 2381 905 2441 denobis
927 2400 1016 2443 exem-

73 2489 158 2571 plum
187 2492 352 2568 capiamus,
384 2508 473 2566 quam
494 2489 582 2567 pauci
604 2486 635 2544 id
663 2487 784 2546 iaciant.
837 2486 871 2544 Si
902 2492 1016 2548 centum

71 2597 165 2656 millia
185 2594 311 2654 militum
333 2595 518 2665 haberemus,
539 2611 647 2672 magno
669 2593 765 2650 animo
787 2592 1017 2670 aggrederemur

73 2701 224 2761 Turcam:
271 2700 324 2759 sed
354 2703 388 2757 ut
416 2702 579 2760 niteremur
606 2698 801 2777 promissione
821 2692 903 2769 ¹heac,
933 2699 1017 2759 otiam

72 2810 137 2866 tum
159 2825 227 2866 cum
248 2822 390 2864 numerus
411 2804 536 2862 militum
566 2813 708 2862 nontam
730 2820 857 2880 maguus
879 2805 936 2875 sit,
965 2803 1018 2862 hoo

74 2929 132 2970 non
149 2910 192 2970 iit.
236 2911 288 2970 Sic
303 2909 440 2988 privatim
456 2927 574 2985 quoqne
595 2927 738 2989 pavemus
760 2910 791 2966 et
806 2911 1017 2986 perturbamur

66 3016 108 3080 -iu
124 3013 283 3094 periculis,
314 3014 505 3075 securitatem
532 3019 633 3073 autem
653 3014 748 3084 illam,
770 3031 858 3088 quam
880 3012 957 3075 fides
980 3013 1018 3074 ss-

71 3118 139 3191 iert
157 3119 509 3199 uunquam-nuperimur.
553 3119 604 3179 Sic
626 3119 886 3179 scilicet·ierimus
908 3137 1017 3200 poenas

71 3223 289 3291 incredulitatis
310 3229 439 3294 nostrae,
462 3242 550 3301 quam
572 3224 712 3295 fovemus,
735 3223 791 3284 etsi
809 3226 871 3282 tam
892 3225 1018 3304 copiosis

72 3335 103 3393 et
124 3329 265 3409 gravibus
286 3331 442 3390 sententiis
464 3329 631 3407 scripturae
651 3332 688 3389 ab
710 3349 746 3389 ea
766 3346 938 3393 avocemur.

153 3435 246 3494 Porro
263 3438 325 3493 ‘non
348 3436 421 3494 satis
442 3439 489 3494 est
511 3436 604 3494 muris
628 3436 743 3512 ignitis,
765 3435 821 3494 hoc
842 3439 909 3506 est,
932 3455 1020 3516 onge-

69 3540 165 3602 lorum
187 3539 324 3599 custodio
344 3544 375 3599 et
395 3541 525 3600 excubiis
547 3559 600 3600 nos
622 3539 756 3610 defendi,
796 3541 861 3619 ipse
883 3539 1019 3600 dominus

70 3637 223 3708 vuit'esee
244 3663 346 3705 murus
368 3650 485 3716 noster,
512 3649 548 3705 ut
576 3646 605 3702 io
638 3646 765 3705 circuitu
791 3663 847 3724 per
869 3646 1018 3707 dominum
