2190 4064
271 118 276 127 ’
382 98 710 201 risiaroxxxu.
876 144 878 148 ·
957 98 1053 219 'arr

39 255 229 350 romu),
259 272 296 333 ut
320 274 421 333 umen
442 274 509 351 ipse
540 274 581 331 sit
602 267 736 333 suminus
765 271 888 346 doctor,
921 277 953 334 et
972 277 1027 337 mi·

66 381 159 463 niatri
174 366 298 449 'omnem
319 378 416 461 etiem
430 396 528 456 papa,
548 379 639 436 etiem
661 379 728 470 ipse
749 380 1026 459 scelestumqu-

67 458 183 571 ιιιιῙοὶΙ
206 487 414 564 gubernentur
439 485 552 565 ¹verbo,
584 483 629 541 ric
658 483 736 541 enim
761 483 837 543 haee
855 487 1024 547 transferri

68 589 245 651 debeutad
268 594 459 668 praesentem
488 607 586 647 nsum.
627 589 732 663 Neque
759 590 837 648 enim
857 591 932 651 haec
952 611 1023 672 par·

63 697 208 758 ticuieris
238 699 269 753 et
298 696 374 753 certi
403 684 545 772 temporis
573 693 736 772 disputatio
757 698 818 766 est,
849 696 904 756 sed
933 698 1024 761 duret

68 805 209 863 omnibns
232 801 369 861 seecniis.
405 800 438 857 in
459 799 570 878 populo
583 799 676 857 isreel
696 818 784 879 reges
798 788 829 861 et
850 804 1022 864 sacerdotes

67 903 178 975 infleti,
189 906 344 971 vocatione
366 907 516 983 putebant
529 907 584 963 sibi
606 907 704 962 omnia
724 905 824 964 licere.
867 908 919 966 Sic
934 908 1023 969 hodie

66 1009 229 1090 pontifices
251 1030 309 1069 non
332 1015 441 1086 putant
462 1029 495 1067 se
523 1013 674 1088 subjectos
697 1029 763 1069 esse
790 1009 907 1095 legibus
928 1015 1021 1084 verbi,

57 1108 125 1175 ¹rod
155 1115 268 1174 audent
295 1116 351 1174 sibi
384 1134 525 1194 arrogare
552 1120 733 1194 potestatem
767 1134 860 1194 supra
897 1120 1020 1196 verbum

67 1221 313 1298 eiseripturam.
356 1221 450 1279 Plane
472 1222 574 1280 simiiis
603 1240 694 1281 causa
722 1203 784 1282 estJ
819 1222 946 1301 Oportet
967 1225 1022 1301 igi-

66 1331 123 1387 tur
144 1345 200 1385 nos
221 1327 419 1386 hicsmunitos
442 1346 516 1398 esse,
537 1324 571 1386 ut
591 1330 740 1405 pessimus
762 1330 877 1388 dicere:
920 1329 1032 1397 Credo,

67 1431 247 1502 concilium,
266 1431 368 1490 credo
397 1450 524 1510 papam,
556 1434 647 1492 credo
675 1436 829 1512 principes
861 1428 1021 1514 et'Jeges,

67 1536 164 1597 eredo
192 1535 356 1619 ecelesiam·
377 1541 512 1599 sanctem
540 1542 570 1596 et
598 1538 786 1611 catholicam,
818 1539 874 1598 sed
894 1541 952 1611 sic,
984 1549 1020 1601 ut

65 1640 124 1701 iila
145 1647 251 1701 sancta
271 1642 415 1710 ecclesie,
446 1642 556 1700 nedum
579 1645 711 1722 episcopi
733 1648 764 1702 et
784 1643 957 1723 pontifices,
979 1647 1020 1705 sit

65 1763 127 1826 per
161 1747 258 1804 omnia
285 1747 424 1825 subjecta
455 1765 509 1807 suo
529 1745 594 1804 -Deo
625 1751 655 1806 et
685 1766 794 1824 sponso
820 1749 954 1820 Christo,
988 1753 1020 1809 et

67 1852 137 1930 ejus
158 1852 257 1922 verbo,
279 1853 342 1919 sine
363 1851 426 1910 ulie
447 1852 629 1930 exceptione.
671 1851 771 1929 Atque
787 1855 842 1911 hoc
864 1856 906 1912 ite
919 1846 1020 1926 crede,

37 2016 47 2022 ,
66 1960 185 2016 utnon
207 1959 247 2016 sit
268 1975 390 2016 necesso
412 1955 599 2014 Deum‘mihi
621 1955 659 2015 de
680 1958 762 2016 coeio
781 1957 879 2035 ioqui,
901 1964 931 2017 et
951 1978 1020 2018 sen-

19 2090 23 2095 ·
66 2061 200 2121 ribiiiier
220 2064 292 2120 mihi
313 2061 458 2121 revelare.
500 2060 568 2121 Hoc
589 2063 730 2134 verbnm,
753 2064 832 2140 quod
853 2065 1020 2143 prophetae

59 2152 101 2225 'et
118 2162 260 2243 'apostoli
281 2166 374 2225 locuti
396 2171 483 2237 suut,
516 2172 562 2227 est
590 2169 622 2226 id
648 2170 787 2242 verbum,
820 2169 900 2244 qnod
928 2170 1020 2230 debet

65 2269 170 2341 credi,
201 2271 249 2357 eui
271 2270 361 2331 debet
383 2273 537 2350 subjectus
568 2291 634 2332 esse
655 2289 736 2351 papa
763 2290 831 2331 cum
863 2273 941 2333 omni
969 2294 1019 2333 ee-

65 2375 163 2434 eiesia
179 2380 360 2446 sanctorum,
381 2396 438 2436 nec
460 2377 621 2454 quidquam
645 2375 735 2435 debet
756 2379 820 2439 sine
841 2377 897 2435 hoc
917 2379 1018 2452 verbe,
1070 2459 1077 2466 ι

10 2477 14 2483 ’
64 2483 165 2543 multo
185 2482 282 2540 minus
304 2488 409 2541 contra
430 2482 630 2540 hoc·verbum
653 2482 806 2560 suscipere
827 2487 884 2565 etc.

152 2583 200 2644 Ad
224 2586 305 2644 huuc
331 2586 450 2645 modum
473 2586 504 2644 in
526 2587 658 2645 ordinem
680 2587 775 2666 redigi
805 2586 894 2646 debet
920 2606 1016 2667 papa:

64 2690 123 2751 aed
146 2694 331 2770 experimur,
365 2691 480 2749 nulium
501 2694 607 2750 veneni
633 2711 727 2771 genus
755 2710 823 2750 eum
840 2670 894 2752 ¹sic
917 2693 1017 2757 formi-

41 2794 143 2855 'dare
165 2803 196 2854 et
215 2796 323 2868 odisse,
347 2799 426 2855 sicut
441 2796 630 2874 scripturam.
672 2795 777 2873 ltaque
799 2796 870 2856 iotis
894 2798 1016 2866 viribus,

64 2901 186 2959 etiamsi
207 2901 289 2960 eliud
311 2900 446 2969 simulet,
476 2902 635 2977 obnititur,
665 2920 703 2960 ne
731 2901 784 2962 fiat
806 2901 939 2984 synodus
962 2922 1017 2963 seu

64 2980 240 3076 concilium,
275 3013 390 3066 tantum
418 2994 566 3084 ideo⁰¹)‚
603 3008 673 3081 quia
703 3006 782 3067 hane
810 3009 1015 3082 quaestionem

64 3094 191 3182 metuit,
218 3131 256 3170 ne
281 3120 444 3189 quaeretur
467 3112 497 3167 in
519 3111 647 3185 synodo,
678 3116 780 3168 utrum
801 3130 882 3190 papa
909 3114 949 3171 sit
966 3114 1015 3191 ju-

63 3215 214 3274 dicandus
235 3236 291 3295 per
312 3219 501 3300 scripturam,
524 3234 562 3272 an
586 3216 737 3293 scripture
757 3232 814 3293 per
835 3217 1014 3276 conciiinmi

63 3322 142 3380 Nam
165 3322 246 3384 male
268 3324 458 3392 conscientia,
481 3338 569 3398 quam
591 3337 676 3399 pepe
693 3319 799 3390 hebet,
819 3320 876 3379 hoc
896 3339 1015 3401 semper

134 3538 188 3606 66)
210 3538 314 3596 Omnes
334 3541 447 3595 ordines
466 3526 553 3594 v‘erbo
573 3545 637 3593 sunt
655 3535 789 3606 subjecti.
861 3538 912 3607 or)
933 3534 1012 3611 Papa

65 3649 116 3690 cur
135 3631 303 3694 reformidet
322 3636 481 3690 concilium.
