2190 4064
421 243 566 301 Psalmi
588 243 634 301 lii.
716 197 719 202 Ι
947 247 1000 305 131

49 402 106 460 ret.
154 396 226 454 Nam
262 392 341 472 quod
372 397 477 454 attinet
500 396 539 457 ad
567 395 717 474 publicam
740 395 961 466 confessionem
974 404 1004 456 et
1056 380 1071 408 '²

51 495 92 554 ad
126 493 246 552 laudem
267 492 323 552 Dei
343 495 374 552 in
394 494 537 565 ecclesia,
570 498 653 554 recta
683 498 863 573 usurpatur:
900 496 1005 555 sedin

50 595 179 672 privatis
213 595 394 652 orationibus
425 610 458 651 co
480 595 576 652 minus
608 592 664 652 hoc
696 593 813 653 exordio
846 598 892 653 est
921 612 1005 674 opus,
1057 576 1058 581 ἵ

52 697 125 770 quia
142 696 182 751 ibi
205 693 317 761 nulium
333 711 350 751 a
366 692 501 771 tyrannis
517 692 682 771 periculum
704 698 759 765 est,
771 697 810 767 ¹et
824 693 873 752 hic
889 712 1007 771 quoquc

53 812 112 851 non
136 796 198 870 agit
220 793 367 870 prophete
389 792 425 848 de
446 793 562 869 privato
584 792 729 868 colloquio
750 793 916 871 peccatoris
938 807 1006 854 cum

53 892 136 962 Deo,
159 893 213 951 sed
234 894 295 970 agit
317 891 354 949 de
378 889 441 949 tote
462 890 601 960 ecclesia,
629 889 667 948 dc
688 874 849 950 ministerio
872 895 902 950 et
921 893 1007 950 mini-

54 994 144 1058 stris,
180 1010 215 1048 ac
247 995 309 1049 toto
341 990 452 1068 populo
473 988 538 1048 Dei.
581 989 655 1077 Nam
687 991 738 1066 qui
769 990 926 1067 justificati
943 993 1006 1068 jam

54 1095 135 1160 suat,
158 1091 188 1148 hi
209 1090 281 1147 nihil
302 1091 425 1158 habent,
455 1088 532 1165 quod
558 1093 668 1159 restat,
691 1106 779 1165 quiam
800 1094 834 1148 ut
856 1109 923 1149 cum
945 1091 1006 1151 Da·

53 1190 124 1249 vide
153 1190 271 1247 dicant:
313 1188 470 1267 „Credidi
484 1182 609 1267 propter
641 1188 720 1263 quod
759 1188 877 1247 locutus
913 1197 1007 1261 sum‚“

54 1293 141 1349 item:
163 1289 286 1359 „Venite
308 1293 339 1346 ct
355 1288 457 1346 ¹videte
479 1306 569 1366 opera
591 1287 727 1355 domini‚“
748 1288 833 1346 item:
855 1289 1007 1359 „Narrabo

55 1406 162 1448 nomen
185 1392 270 1447 tuum
291 1388 433 1445 iratribus
456 1389 567 1445 ‘meis‘<
607 1386 687 1444 Idem
716 1386 772 1446 hoc
803 1387 868 1449 loco
890 1409 1008 1468 quoque

56 1488 207 1569 propheta
227 1487 388 1566 significat,
409 1490 444 1545 ut
463 1491 621 1566 postquam
638 1484 820 1562 justificatus
842 1496 888 1549 cst
909 1510 1008 1552 coram

56 1589 120 1647 Deo
142 1605 200 1667 per
220 1587 379 1666 gratuitam
403 1584 656 1655 misericordiam,
688 1603 777 1660 quam
810 1586 868 1647 fide
900 1607 1008 1669 appre-

56 1688 180 1759 hendit,
197 1688 272 1746 'item
294 1694 454 1765 postquam
474 1702 574 1743 coram
595 1683 720 1742 ecclesia
743 1686 825 1744 sica
848 1692 936 1747 reatu
957 1692 1008 1749 ab·

58 1789 176 1849 solutus
200 1791 263 1856 est,
299 1790 333 1845 nt
365 1788 490 1864 peccata
511 1784 674 1861 praeterita
708 1803 765 1844 non
787 1787 847 1845 sint
867 1787 1008 1849 scandalo

58 1889 198 1968 amplius,
219 1884 484 1944 sad.consolationi
505 1882 667 1954 ecciesiae,
688 1892 775 1943 nunc'
788 1887 878 1964 petit,
902 1893 936 1947 ut
957 1888 1010 1949 do-

58 1992 156 2048 minus
178 1987 293 2065 aperiat
314 1984 409 2052 labia,
431 1984 550 2042 ut'sine
571 1984 676 2042 timore
695 1983 788 2042 libere
808 1987 903 2065 possit
922 1988 1010 2048 mise·

58 2083 490 2163 ricordiamDeipraedicare
521 2085 549 2143 in
583 2082 715 2163 publico,
751 2100 809 2143 nou
830 2087 861 2147 iu
882 2088 1008 2167 augulis,

61 2190 140 2249 sicut
161 2186 284 2245 fanatici
306 2171 410 2242 solent.

144 2287 224 2352 Quia
247 2288 346 2345 autem
379 2284 457 2362 petit
477 2303 495 2342 a
515 2284 632 2343 domino
653 2286 761 2363 aperiri
783 2284 877 2357 labia,
898 2290 1009 2368 signifi-

60 2392 125 2459 cat,
161 2402 252 2465 quam
283 2383 409 2441 arduum
446 2382 520 2461 osius
548 2386 589 2442 sit
616 2384 671 2443 hoc
702 2382 879 2451 sacrificium
901 2387 1008 2460 laudis,

59 2487 143 2566 quod
175 2487 206 2543 in
227 2483 341 2564 psalmo
364 2485 413 2542 5⁰.
447 2484 543 2560 exigit.
588 2481 646 2540 Est
674 2484 750 2541 enim
771 2484 897 2545 audacia
918 2504 1012 2567 super

60 2580 227 2655 audaciam,
239 2585 344 2651 ‚virtus
358 2600 448 2660 super
458 2583 607 2649 virtutem,
629 2574 821 2643 et-iortiitido
840 2602 932 2664 super
952 2586 1011 2650 ior-

58 2686 227 2754 titudinem,
249 2682 360 2741 audere
380 2680 461 2757 loqui
482 2682 512 2739 in
530 2678 666 2759 publico,
697 2684 728 2742 at
748 2682 881 2745 confiteri
895 2676 1012 2747 ‘nomini

59 2786 179 2846 domini.
216 2782 275 2840 Hic
297 2778 372 2841 enim
395 2784 488 2839 Satan
509 2781 640 2839 imminet
654 2780 737 2840 omni
758 2800 868 2861 genere
889 2785 1028 2847 insidia.

59 2904 140 2956 rum,
178 2885 214 2941 ut
242 2882 318 2939 hanc
353 2880 582 2949 ‚consessionem
606 2878 758 2959 impediat.
799 2880 861 2941 Eas
889 2882 1012 2945 institas

62 2984 162 3047 omues
187 2984 212 3042 si
235 2980 327 3039 oculis
346 2979 481 3039 humanis
501 2962 644 3059 possibile
665 2982 746 3039 esset
766 2998 897 3053 cernere,
924 2982 1012 3043 facile

61 3104 150 3145 causa
171 3087 304 3162 pateret,
333 3098 387 3138 cur
409 3082 438 3136 et
464 3080 572 3157 spiritu
591 3066 688 3139 antea
707 3078 822 3159 rogarit
845 3080 1012 3143 couiirmuri

63 3186 223 3264 propheta,
253 3184 283 3239 ct
304 3198 383 3236 nunc
404 3180 440 3236 ab
463 3179 528 3257 ipso
549 3178 666 3238 domino
687 3177 766 3238 labia
787 3168 898 3258 aperiri
920 3184 1012 3260 optet,

62 3286 120 3344 uon
143 3282 183 3341 ad
215 3280 342 3337 orandas
364 3278 451 3335 iteras
472 3278 643 3348 canonicas3
679 3278 732 3337 sed
764 3278 803 3337 ad
832 3280 1012 3357 portandum

66 3402 170 3443 nomen
193 3378 303 3440 domini
323 3396 422 3437 coram
444 3375 577 3466 diabolo,
598 3376 726 3448 mundo,
751 3378 881 3457 reginus,
902 3380 1013 3456 princi-

66 3466 169 3561 pium,
193 3486 223 3539 et
245 3496 335 3537 carne
354 3477 514 3551 universa·
542 3474 601 3569 llic
622 3476 700 3535 onim
721 3480 822 3535 variae
844 3479 1013 3538 occasiones

66 3586 142 3653 sunt,
164 3598 243 3657 quae
262 3576 342 3643 lubia
360 3581 517 3655 proruunt:
538 3592 750 3650 nonnunquam
766 3580 862 3635 metus
877 3576 1013 3655 periculi,

69 3680 278 3757 nonnunquam
315 3675 388 3733 tucri
410 3694 494 3755 spes,
532 3688 623 3765 saepe
651 3675 934 3736 ctiam'amicorum
954 3692 1029 3734 con-

728 3780 792 3841 ᾖ*
