2190 4064
106 228 164 287 1⁴2
306 214 309 218 ’
474 223 679 284 Enarratio
776 226 779 233 '

103 381 256 451 monialis,
286 377 447 437 sedetiam
468 377 591 437 moralia
612 396 703 457 opera
724 380 821 448 vitiat,
855 379 880 437 ai
902 396 960 436 non
980 396 1052 457 pro-

103 487 169 567 pria
191 485 238 542 sit
279 479 381 544 Quare
401 476 587 536 indoctorum
608 479 639 535 in
659 478 863 555 spiritualibus
890 478 1051 537 cavillatio·

104 604 156 675 nea
178 584 262 651 sunt,
298 595 389 657 opera
421 576 495 655 legis
524 575 607 654 apud
626 576 753 635 Paulum
768 578 972 656 interpretari
994 596 1050 657 pro

48 682 52 689 ’
103 681 286 747 ceremoniis.
329 678 402 736 Nam
433 676 619 736 ceremoniae
647 678 677 734 in
709 676 776 756 lege
794 696 897 754 ¹aeque
928 682 1053 737 saumae

103 804 140 846 ao
161 779 345 842 necessariae
360 766 489 847 luerunt,
510 780 601 852 atque
615 776 646 834 in
659 793 732 836 noro
747 780 924 837 testamento
946 778 1053 837 sancta

34 880 37 885 ’
104 891 135 947 et
154 881 324 943 necessaria
352 880 423 936 sunt
443 875 565 934 moralia
586 893 691 955 opera,
724 878 802 935 siem
821 878 944 936 tertium
963 894 1053 955 prae-

89 989 224 1064 ,neptum
255 980 294 1038 ‹le
320 978 443 1041 sabbato
476 975 557 1036 clare
583 979 705 1056 probat,
729 975 897 1055 quodcum
919 984 1052 1035 ceremo-

105 1085 184 1147 niale
205 1085 252 1152 sit,
272 1084 373 1137 tumen
394 1076 528 1134 omnibus
548 1074 709 1134 moralibus
731 1076 933 1154 praeponitur.
964 1076 1053 1134 Siout

105 1188 184 1267 onim
215 1180 302 1241 bodie
324 1176 489 1253 obligamur
514 1173 657 1253 alleges
688 1174 856 1254 imperiales
878 1178 909 1235 et
929 1186 1056 1234 oecono-

104 1289 213 1354 miam,
244 1282 316 1340 item
335 1276 374 1335 arl
392 1274 488 1353 legem
509 1274 657 1333 fraternae
678 1277 828 1345 caritatis,
850 1276 893 1334 sic
914 1273 956 1332 illi
979 1272 1055 1332 obli-

107 1390 217 1467 μίαν
238 1379 277 1440 ad
291 1375 487 1459 'ceremoniae
529 1372 609 1431 Nibil
635 1374 726 1452 igitur
757 1378 812 1437 est,
825 1374 940 1434 dicem:
962 1372 1055 1432 Gere-

105 1482 242 1549 monialla
259 1480 321 1558 jam
342 1485 412 1536 suut
431 1479 549 1533 mortua
569 1483 600 1532 et
621 1474 738 1533 abolita.
780 1472 861 1532 'I'urn
894 1473 971 1533 onim
994 1491 1053 1532 non

50 1588 54 1593 ’
106 1586 191 1649 luere
221 1583 356 1648 mortua,
384 1579 414 1635 et
444 1586 543 1634 tamen
570 1590 627 1632 non
648 1572 865 1651 justificabant,
896 1574 975 1633 sicut
996 1591 1052 1632 nos

90 1706 166 1748 -non
184 1674 501 1763 justificant'moralia,
523 1675 584 1732 sire
604 1672 725 1752 politica
745 1675 814 1745 sint,
832 1675 894 1734 sive
909 1666 1052 1752 'decalogi

106 1785 239 1868 propria.
280 1778 364 1841 llaec
384 1773 571 1850 monenda*)
604 1771 688 1831 inere
721 1777 845 1852 propter
880 1770 1052 1845 calumnias,

93 1887 216 1964 'quibus
245 1879 336 1938 'eliam
367 1874 447 1934 docti
474 1873 606 1932 bomiues
640 1888 694 1932 nos
730 1876 875 1933 conantur
904 1880 1051 1957 premere.

106 1987 192 2047 lluno
211 1978 301 2039 redeo
322 1973 361 2033 arl
383 1970 619 2035 consolationem.

63 2156 67 2164 ¹
178 2076 393 2140 {lenissimum
426 2073 518 2150 igitur
543 2064 749 2131 consolationis
780 2075 842 2143 eet,
874 2070 971 2130 Deum
993 2089 1052 2131 non

107 2181 183 2243 velle
203 2175 361 2244 sacrificia,
383 2171 436 2231 aad
456 2171 537 2229 bunc
557 2189 702 2230 summum
725 2171 837 2230 cultum
859 2171 1001 2229 damnare
1021 2175 1053 2230 et

106 2258 285 2360 repiraliaro,
306 2270 451 2348 siouidem
471 2269 524 2329 fiat
544 2271 601 2328 boo
620 2269 686 2342 fine,
705 2274 740 2330 ut
767 2275 919 2330 avertatur
938 2269 1053 2329 italici

107 2386 139 2442 et
159 2396 214 2439 nos
231 2374 307 2454 justi
327 2373 427 2431 simus.
470 2370 703 2430 Commendatur
729 2373 805 2429 enirn
825 2372 880 2451 hio·
893 2371 978 2429 nobis
999 2371 1055 2429 mi-

46 2538 49 2547 .
108 2477 270 2544 sericordia
290 2473 361 2542 Dei,
389 2472 483 2553 gratie
514 2470 707 2543 condonaptia
739 2458 864 2550 peccata
895 2476 926 2530 et
945 2470 1058 2549 justili-¹

34 2660 38 2664 ῃ
90 2582 204 2663 Ιοιιιιῐίε
225 2594 288 2636 uos.
330 2570 389 2637 (tui
405 2571 488 2630 'eninr
505 2571 572 2629 suis
586 2571 725 2649 operibns
732 2571 878 2648 justitiam
894 2573 1053 2645 quaerunt,

107 2679 180 2741 nibil
201 2668 432 2742 faciunt'aliuol,
470 2662 559 2746 quim
591 2674 626 2729 ut
647 2675 795 2729 conentur¹
818 2670 967 2747 sibiipsis
989 2662 1068 2729 tieri'

105 2781 304 2862 plasmatores
326 2790 379 2831 scu
404 2774 569 2842 creatores,
602 2773 706 2829 contra
729 2770 925 2848 scripturamz
966 2768 1055 2845 „lpse

106 2880 178 2941 iecit
196 2902 199 2907 ·
217 2894 287 2945 nos,
324 2877 354 2930 et
394 2889 452 2930 non
494 2870 551 2948 ipsi
583 2875 665 2929 nos.“
706 2869 805 2928 Prima
851 2868 925 2927 enim
969 2886 1056 2927 cree-

107 2984 186 3049 tura,
226 2973 306 3053 quorl
340 2971 371 3028 in
413 2970 491 3027 banc
533 2960 634 3027 lucem'
663 2969 726 3026 nati
768 2986 880 3039 sumus,
916 2986 973 3026 non
1007 2972 1056 3027 est
1083 3023 1087 3029 .

106 3083 233 3148 nostra·
261 3073 313 3133 sed
334 3070 404 3140 Dei,
437 3073 469 3128 et
511 3067 624 3128 seilicet
669 3067 800 3127 secunda
842 3071 980 3126 creatura
1002 3086 1057 3126 no-

106 3183 170 3239 stra
205 3177 277 3244 erit,
313 3190 373 3248 qua
411 3186 568 3228 nascamur
595 3170 624 3226 in
646 3172 797 3227 aeternam
818 3167 928 3225 vitanti
971 3167 1056 3248 Ergo

106 3299 163 3340 non
184 3277 261 3336 falsa
282 3272 385 3339 solum,
406 3266 460 3328 sed
480 3268 570 3347 impia
591 3268 826 3345 quoquoopinio
849 3272 908 3337 ost,
934 3269 1056 3337 sentire,

47 3394 51 3401 ·
103 3378 185 3457 quod
205 3376 286 3435 Deus
309 3373 417 3434 nostris
441 3370 580 3446 operibus
602 3369 645 3427 sio
655 3369 768 3447 placari
783 3368 886 3445 possit,
908 3371 942 3425 ut
962 3368 1056 3426 vitam

104 3483 256 3539 aeternam
283 3475 367 3533 uobis
398 3476 487 3533 donet
519 3474 572 3529 aut
598 3469 755 3548 justitiam.
799 3467 874 3525 Nam
904 3469 928 3527 si
962 3468 1054 3551 etiam

103 3582 315 3682 Q
335 3593 367 3632 se
385 3586 479 3651 opera
499 3589 557 3630 non
591 3569 655 3629 vult
675 3568 731 3626 boo
751 3564 807 3623 fine
829 3564 911 3646 tierf,
945 3568 999 3626 sed
1021 3586 1061 3627 ea

142 3696 172 3761 ⁰)
194 3692 223 3743 lu
244 3689 309 3745 edit.
329 3687 400 3758 orig.
421 3688 457 3739 cle·
474 3704 499 3739 a.
521 3683 607 3739 lma:
628 3683 817 3738 merenda.

275 3918 327 3973 „a
