2204 4058
272 305 274 309 y
373 184 416 297 ln
437 234 577 298 Parim.
602 236 714 298 orca
966 242 1026 305 177

68 389 301 471 experientiam,
332 393 367 449 ut
398 408 453 449 nos
489 387 528 449 ad
549 388 694 449 orandam
716 391 747 448 iu
767 388 826 450 fide
847 391 969 463 excitet,
989 398 1025 453 ut

16 538 22 543 .
68 494 240 548 statuamus
262 483 358 547 Deum
385 493 469 551 certo
490 508 544 549 nos
568 490 740 548 auditurum
761 508 844 561 esse,
878 492 1025 569 siquidem

68 592 116 649 est
139 587 258 651 auditor
279 582 407 647 emulum
429 591 592 667 gemituum
608 606 719 659 eorum,
743 590 793 665 qui
813 590 843 647 in
857 589 1022 652 fideoraut.
1079 578 1082 589 ¹

68 686 188 752 Quodsi
216 706 275 746 nou
296 692 376 765 tam
421 689 479 747 cito
517 687 618 758 audit,
647 687 748 746 audiet
789 707 843 747 suo
877 694 1021 769 tempore.

68 786 102 845 Si
124 804 184 846 uon
207 774 292 846 audit
311 804 346 846 eo
367 786 463 857 modo,
479 799 544 864 'quo
566 791 601 846 tu
621 789 664 847 als
679 792 709 847 et
723 791 817 866 optas,
840 788 941 849 audiet
961 809 1023 850 me·

65 884 151 947 liore.
194 888 228 945 Si
249 905 307 945 non
327 904 382 966 per
402 886 480 947 hanc
500 898 665 967 persenam,
688 904 776 963 quam
796 891 958 965 tuoptas,
978 889 1022 949 la·

66 985 128 1057 ciet
147 1002 204 1065 per
224 985 450 1046 commodiorem
470 990 531 1045 etc:
570 977 629 1045 Sic'
643 984 715 1045 dicit
734 985 929 1047 Bernhardus
951 989 1021 1049 alic·

64 1082 206 1159 ubist),
242 1103 298 1145 nec
317 1086 435 1143 memini
465 1104 513 1143 me
534 1085 674 1162 quiddam
702 1074 812 1165 legisse
833 1087 865 1145 in
890 1089 1020 1167 omnium

65 1186 268 1245 recentiorum
288 1185 409 1265 scriptis
431 1184 469 1243 de
490 1184 622 1245 oratione
643 1189 696 1244 aut
716 1185 872 1263 pulchrius
894 1192 946 1245 aut
959 1207 1020 1247 rna-

64 1285 113 1363 gn
133 1284 184 1363 pn
214 1284 342 1353 uictum:
383 1284 527 1356 Fratres,
551 1285 664 1362 inquit,
693 1285 784 1345 nolam
812 1268 950 1353 annatim
981 1286 1019 1347 aa

66 1386 202 1445 oratioue
232 1387 348 1455 vestra,
380 1382 435 1443 sed
456 1385 577 1455 scitote,
592 1380 717 1460 'quando
749 1388 872 1443 verbum
899 1404 955 1465 per
985 1405 1018 1447 os

65 1483 214 1563 erumpit,
242 1486 316 1541 tuuc
343 1484 436 1542 oratio
457 1487 558 1543 vestra
576 1483 691 1563 scripta
713 1488 760 1543 est
787 1484 817 1541 iu
839 1485 931 1545 oculis
952 1485 1017 1556 Dei,

65 1585 172 1643 etant
192 1580 259 1657 oet,
281 1582 360 1659 quod
381 1582 503 1661 petitur,
525 1585 579 1642 aut
600 1582 717 1660 expedit
738 1600 796 1640 non
818 1582 891 1642 fieri.
935 1584 1017 1649 tirrid

61 1684 163 1763 potnit
184 1682 244 1741 dici
259 1681 368 1759 magis
389 1668 603 1741 christianum?
634 1680 706 1758 quid
734 1681 932 1741 consolatione
952 1682 1017 1761 ple-

62 1784 146 1852 nius,
178 1799 268 1859 quam
292 1781 379 1857 ,quod
399 1781 482 1840 Deus
514 1784 656 1856 tanquam
688 1800 739 1840 rex
761 1780 879 1856 quidam
900 1782 1016 1840 manniti-

62 1882 259 1955 centieoimua·
285 1880 324 1941 ad
358 1899 458 1940 omues
492 1880 723 1963 supplicationes
753 1880 825 1939 nihil
859 1881 940 1940 aliud
968 1902 1016 1942 re·

63 1981 206 2063 spondet,
229 1996 331 2057 quam:
372 1980 455 2050 Fiat,
477 1980 557 2055 quod
574 1981 709 2059 petituri

10 2078 13 2089 '
145 2080 208 2155 Sed
227 2082 342 2156 inquis:
371 2081 467 2158 Saepe
488 2080 521 2139 tit
542 2080 689 2139 diversum
705 2076 769 2155 12).
803 2078 927 2144 Quoties
949 2101 1015 2141 ora·

10 2204 15 2214 ·
60 2184 112 2241 tur
132 2197 189 2260 pro
209 2180 332 2259 gravida
353 2183 383 2239 at
402 2180 587 2259 parturiente
608 2179 742 2250 foemina,
767 2198 843 2254 qnae
864 2181 894 2237 in
921 2186 1014 2259 partu

61 2272 212 2339 morituri
241 2278 290 2339 An
310 2279 542 2339 euimdacobum
563 2298 621 2336 non
641 2282 732 2357 putas
754 2297 856 2337 orasse
882 2298 935 2358 pro
958 2298 1015 2339 sua

61 2378 193 2451 Rachel,
213 2378 245 2437 in
264 2377 316 2439 tali
338 2378 471 2456 periculo
493 2379 734 2437 occumbentemt
758 2378 808 2435 Sic
838 2380 932 2435 oravit
953 2378 1014 2435 Da-

10 2498 14 2507 ·
60 2478 110 2545 vid
129 2478 257 2549 maxima
278 2479 402 2555 spiritus
425 2479 611 2537 contentione
639 2495 694 2555 pro
715 2476 773 2533 lilio
795 2495 830 2533 ax
850 2476 1012 2546 Bathseba,

10 2597 17 2616 ⁸
60 2576 116 2637 aed
135 2577 230 2637 oratio
250 2576 364 2637 trustra
390 2576 455 2635 fuit.
497 2576 652 2654 Ejusmodi
684 2577 771 2634 etiam
793 2576 871 2633 inter
893 2580 1012 2634 sanctos
1073 2586 1074 2591 ’

58 2677 215 2737 manmena
235 2676 365 2753 quotidie
385 2675 518 2755 exempla
538 2674 679 2735 ridemus.
722 2673 916 2752 Respondeo:
957 2674 1012 2735 lit-
1087 2728 1089 2733 .

59 2794 180 2853 cunque
201 2778 258 2849 sit,
279 2777 334 2836 hoc
354 2778 483 2856 primum
509 2775 700 2863 statuendum
732 2779 794 2844 est,
825 2773 922 2832 Deum
943 2792 1010 2834 csse

10 2927 17 2974 q
60 2875 227 2935 auditorem
247 2894 385 2955 precum,
414 2876 462 2935 hic
482 2875 588 2937 titulos
609 2873 672 2935 Deo
706 2892 858 2950 nunquam
880 2876 926 2947 est
947 2874 1011 2932 adi-

10 3017 18 3034 .
59 2975 203 3046 urendus,
233 2977 310 3035 sicut
330 2978 360 3034 in
381 2974 437 3035 hac
456 2975 527 3045 tide¹
546 2976 644 3053 prima
661 2974 791 3053 pueritia
810 2972 1010 3051 pulcherrime

10 3057 18 3090 ⁵
49 3078 133 3151 ¹orant,
155 3092 234 3151 quae
255 3075 354 3135 riade
374 3075 438 3135 Deo
460 3074 564 3146 credit,
581 3073 663 3151 ,quod
685 3072 787 3131 audiat
815 3076 845 3131 et
864 3071 1010 3150 largiatur

58 3175 165 3244 omnia,
186 3173 264 3232 hanc
284 3173 372 3234 fidem
393 3177 456 3234 siue
478 3174 660 3233 dubitatione
677 3173 709 3229 in
723 3171 923 3249 pulcherrima
944 3171 1010 3253 ple·

57 3272 199 3351 rophoria
225 3275 311 3353 pueri
338 3276 476 3335 retinent.
518 3273 620 3338 tiuare
649 3270 751 3328 eorum
785 3271 946 3329 orationem
977 3276 1008 3331 et

56 3358 152 3451 proha
173 3373 316 3445 maxime,
345 3382 376 3433 et
390 3364 393 3368 ’
407 3392 497 3452 saepe
518 3372 587 3431 mihi
616 3369 656 3427 ad
675 3369 839 3449 exemplum
862 3390 1005 3451 propono.

23 3540 26 3547 ,
56 3468 237 3547 Quanquam
257 3473 335 3533 enim
354 3472 584 3553 puerilormem
608 3468 712 3527 orandi
734 3473 765 3528 et
785 3471 876 3529 rerha
894 3472 1008 3530 anobis

107 3587 161 3654 11)
181 3584 336 3657 lternhurdi
354 3588 503 3651 eontentio.
576 3582 628 3653 12)
647 3581 725 3638 Deua
744 3599 798 3638 uon
818 3601 930 3652 semper
950 3584 1006 3650 dat,

23 3662 26 3667 ¹
56 3679 131 3751 quod
151 3679 285 3749 perinane.
310 3716 333 3762 ,κ
472 3756 475 3761 ¹

31 3815 37 3829 ‚
78 3773 174 3815 aurant
191 3772 233 3825 Op.
247 3779 331 3823 curet.
349 3772 393 3815 Vot-
409 3773 466 3816 ΧΙΧ·
734 3775 775 3834 η
837 3816 845 3831 ι
