<?xml version="1.0" encoding="UTF-8"?>
<!DOCTYPE html PUBLIC "-//W3C//DTD XHTML 1.0 Transitional//EN"
    "http://www.w3.org/TR/xhtml1/DTD/xhtml1-transitional.dtd">
<html xmlns="http://www.w3.org/1999/xhtml" xml:lang="en" lang="en">
 <head>
  <title>
</title>
<meta http-equiv="Content-Type" content="text/html;charset=utf-8" />
  <meta name='ocr-system' content='tesseract 3.04.00' />
  <meta name='ocr-capabilities' content='ocr_page ocr_carea ocr_par ocr_line ocrx_word'/>
</head>
<body>
  <div class='ocr_page' id='page_1' title='image "./exegeticaoperal04luthgoog_0284.png"; bbox 0 0 2204 4058; ppageno 0'>
   <div class='ocr_carea' id='block_1_1' title="bbox 267 192 1017 309">
    <p class='ocr_par' dir='ltr' id='par_1_1' title="bbox 267 192 1017 309">
     <span class='ocr_line' id='line_1_1' title="bbox 267 192 1017 309; baseline 0.004 -16"><span class='ocrx_word' id='word_1_1' title='bbox 267 211 270 217; x_wconf 41' lang='lat'>¹</span> <span class='ocrx_word' id='word_1_2' title='bbox 363 232 407 295; x_wconf 90' lang='lat' dir='ltr'><strong>ln</strong></span> <span class='ocrx_word' id='word_1_3' title='bbox 426 230 573 309; x_wconf 79' lang='lat' dir='ltr'><strong>Prslm</strong></span> <span class='ocrx_word' id='word_1_4' title='bbox 595 192 715 293; x_wconf 69' lang='lat' dir='ltr'><strong>cren.</strong></span> <span class='ocrx_word' id='word_1_5' title='bbox 952 231 1017 296; x_wconf 71' lang='lat' dir='ltr'><strong>tw</strong></span> 
     </span>
    </p>
   </div>
   <div class='ocr_carea' id='block_1_2' title="bbox 29 377 1034 3769">
    <p class='ocr_par' dir='ltr' id='par_1_2' title="bbox 29 377 1021 1072">
     <span class='ocr_line' id='line_1_2' title="bbox 56 377 1018 477; baseline -0.009 -23"><span class='ocrx_word' id='word_1_6' title='bbox 56 377 206 477; x_wconf 30' lang='lat' dir='ltr'><strong>dentur..¹</strong></span> <span class='ocrx_word' id='word_1_7' title='bbox 224 387 294 451; x_wconf 79' lang='lat' dir='ltr'><strong>linc</strong></span> <span class='ocrx_word' id='word_1_8' title='bbox 312 388 443 458; x_wconf 82' lang='lat' dir='ltr'><strong>medium</strong></span> <span class='ocrx_word' id='word_1_9' title='bbox 461 403 518 471; x_wconf 84' lang='lat' dir='ltr'><strong>per</strong></span> <span class='ocrx_word' id='word_1_10' title='bbox 539 405 573 447; x_wconf 84' lang='lat' dir='ltr'><strong>se</strong></span> <span class='ocrx_word' id='word_1_11' title='bbox 599 384 745 446; x_wconf 81' lang='lat' dir='ltr'><strong>infirmius</strong></span> <span class='ocrx_word' id='word_1_12' title='bbox 774 388 836 459; x_wconf 86' lang='lat' dir='ltr'><strong>est,</strong></span> <span class='ocrx_word' id='word_1_13' title='bbox 865 381 955 463; x_wconf 81' lang='lat' dir='ltr'><strong>quam</strong></span> <span class='ocrx_word' id='word_1_14' title='bbox 980 387 1018 445; x_wconf 87' lang='lat' dir='ltr'><strong>ut</strong></span> 
     </span>
     <span class='ocr_line' id='line_1_3' title="bbox 56 484 1018 571; baseline -0.01 -16"><span class='ocrx_word' id='word_1_15' title='bbox 56 490 208 555; x_wconf 82' lang='lat' dir='ltr'><strong>scandala</strong></span> <span class='ocrx_word' id='word_1_16' title='bbox 232 506 359 571; x_wconf 80' lang='lat' dir='ltr'><strong>prorsus</strong></span> <span class='ocrx_word' id='word_1_17' title='bbox 385 488 450 550; x_wconf 87' lang='lat' dir='ltr'><strong>lolli</strong></span> <span class='ocrx_word' id='word_1_18' title='bbox 477 488 609 569; x_wconf 78' lang='lat' dir='ltr'><strong>possint,</strong></span> <span class='ocrx_word' id='word_1_19' title='bbox 647 505 718 567; x_wconf 75' lang='lat' dir='ltr'><strong>ergo</strong></span> <span class='ocrx_word' id='word_1_20' title='bbox 745 484 829 547; x_wconf 80' lang='lat' dir='ltr'><strong>licus</strong></span> <span class='ocrx_word' id='word_1_21' title='bbox 852 486 1018 546; x_wconf 77' lang='lat' dir='ltr'><strong>seeundum</strong></span> 
     </span>
     <span class='ocr_line' id='line_1_4' title="bbox 57 585 1018 670; baseline -0.006 -19"><span class='ocrx_word' id='word_1_22' title='bbox 57 591 148 652; x_wconf 82' lang='lat' dir='ltr'><strong>illam</strong></span> <span class='ocrx_word' id='word_1_23' title='bbox 166 590 311 651; x_wconf 73' lang='lat' dir='ltr'><strong>risdeilem</strong></span> <span class='ocrx_word' id='word_1_24' title='bbox 332 590 496 670; x_wconf 81' lang='lat' dir='ltr'><strong>potentiam</strong></span> <span class='ocrx_word' id='word_1_25' title='bbox 524 588 613 649; x_wconf 88' lang='lat' dir='ltr'><strong>etiam</strong></span> <span class='ocrx_word' id='word_1_26' title='bbox 641 585 772 648; x_wconf 78' lang='lat' dir='ltr'><strong>ostendit</strong></span> <span class='ocrx_word' id='word_1_27' title='bbox 799 588 884 648; x_wconf 81' lang='lat' dir='ltr'><strong>suam</strong></span> <span class='ocrx_word' id='word_1_28' title='bbox 911 590 1018 667; x_wconf 81' lang='lat' dir='ltr'><strong>poten·</strong></span> 
     </span>
     <span class='ocr_line' id='line_1_5' title="bbox 57 688 1017 768; baseline -0.007 -15"><span class='ocrx_word' id='word_1_29' title='bbox 57 694 141 754; x_wconf 84' lang='lat' dir='ltr'><strong>tiam</strong></span> <span class='ocrx_word' id='word_1_30' title='bbox 158 690 349 763; x_wconf 74' lang='lat' dir='ltr'><strong>invisibilem,</strong></span> <span class='ocrx_word' id='word_1_31' title='bbox 377 691 458 767; x_wconf 85' lang='lat' dir='ltr'><strong>qnod</strong></span> <span class='ocrx_word' id='word_1_32' title='bbox 485 688 590 749; x_wconf 80' lang='lat' dir='ltr'><strong>Arium</strong></span> <span class='ocrx_word' id='word_1_33' title='bbox 611 689 729 749; x_wconf 87' lang='lat' dir='ltr'><strong>subitus</strong></span> <span class='ocrx_word' id='word_1_34' title='bbox 751 704 839 747; x_wconf 85' lang='lat' dir='ltr'><strong>casus</strong></span> <span class='ocrx_word' id='word_1_35' title='bbox 867 688 1017 768; x_wconf 81' lang='lat' dir='ltr'><strong>opprimit,</strong></span> 
     </span>
     <span class='ocr_line' id='line_1_6' title="bbox 29 788 1018 871; baseline -0.006 -18"><span class='ocrx_word' id='word_1_36' title='bbox 29 801 41 813; x_wconf 76' lang='grc'><strong>“</strong></span> <span class='ocrx_word' id='word_1_37' title='bbox 58 792 241 853; x_wconf 73' lang='lat' dir='ltr'><strong>cerinthum</strong></span> <span class='ocrx_word' id='word_1_38' title='bbox 262 792 403 871; x_wconf 80' lang='lat' dir='ltr'><strong>opprimit</strong></span> <span class='ocrx_word' id='word_1_39' title='bbox 424 791 577 861; x_wconf 86' lang='lat' dir='ltr'><strong>balneum,</strong></span> <span class='ocrx_word' id='word_1_40' title='bbox 605 788 729 849; x_wconf 84' lang='lat' dir='ltr'><strong>aliorum</strong></span> <span class='ocrx_word' id='word_1_41' title='bbox 751 788 800 847; x_wconf 94' lang='lat' dir='ltr'><strong>alii</strong></span> <span class='ocrx_word' id='word_1_42' title='bbox 823 790 918 848; x_wconf 84' lang='lat' dir='ltr'><strong>exitus</strong></span> <span class='ocrx_word' id='word_1_43' title='bbox 938 792 1018 861; x_wconf 80' lang='lat' dir='ltr'><strong>sunt,</strong></span> 
     </span>
     <span class='ocr_line' id='line_1_7' title="bbox 59 886 1021 971; baseline -0.002 -20"><span class='ocrx_word' id='word_1_44' title='bbox 59 893 175 971; x_wconf 86' lang='lat' dir='ltr'><strong>quibus</strong></span> <span class='ocrx_word' id='word_1_45' title='bbox 210 888 294 950; x_wconf 88' lang='lat' dir='ltr'><strong>Deus</strong></span> <span class='ocrx_word' id='word_1_46' title='bbox 331 890 476 953; x_wconf 87' lang='lat' dir='ltr'><strong>ecclesias</strong></span> <span class='ocrx_word' id='word_1_47' title='bbox 503 888 634 951; x_wconf 84' lang='lat' dir='ltr'><strong>ostendit</strong></span> <span class='ocrx_word' id='word_1_48' title='bbox 661 906 694 948; x_wconf 91' lang='lat' dir='ltr'><strong>se</strong></span> <span class='ocrx_word' id='word_1_49' title='bbox 721 886 823 969; x_wconf 82' lang='lat' dir='ltr'><strong>palam</strong></span> <span class='ocrx_word' id='word_1_50' title='bbox 849 889 1021 970; x_wconf 82' lang='lat' dir='ltr'><strong>improbare</strong></span> 
     </span>
     <span class='ocr_line' id='line_1_8' title="bbox 60 991 445 1072; baseline 0 -20"><span class='ocrx_word' id='word_1_51' title='bbox 60 992 159 1072; x_wconf 82' lang='lat' dir='ltr'><strong>impis</strong></span> <span class='ocrx_word' id='word_1_52' title='bbox 179 991 329 1070; x_wconf 77' lang='lat' dir='ltr'><strong>dogmate.</strong></span> <span class='ocrx_word' id='word_1_53' title='bbox 432 1028 445 1052; x_wconf 79' lang='grc'><strong>.</strong></span> 
     </span>
    </p>

    <p class='ocr_par' dir='ltr' id='par_1_3' title="bbox 29 1087 1023 2764">
     <span class='ocr_line' id='line_1_9' title="bbox 148 1087 1019 1169; baseline -0.006 -18"><span class='ocrx_word' id='word_1_54' title='bbox 148 1088 198 1151; x_wconf 76' lang='lat' dir='ltr'><strong>dd</strong></span> <span class='ocrx_word' id='word_1_55' title='bbox 217 1092 298 1151; x_wconf 87' lang='lat' dir='ltr'><strong>bunc</strong></span> <span class='ocrx_word' id='word_1_56' title='bbox 318 1089 439 1151; x_wconf 86' lang='lat' dir='ltr'><strong>modum</strong></span> <span class='ocrx_word' id='word_1_57' title='bbox 464 1090 563 1169; x_wconf 73' lang='lat' dir='ltr'><strong>pingit</strong></span> <span class='ocrx_word' id='word_1_58' title='bbox 583 1087 681 1148; x_wconf 80' lang='lat' dir='ltr'><strong>David</strong></span> <span class='ocrx_word' id='word_1_59' title='bbox 708 1087 765 1150; x_wconf 88' lang='lat' dir='ltr'><strong>hec</strong></span> <span class='ocrx_word' id='word_1_60' title='bbox 785 1089 817 1147; x_wconf 90' lang='lat' dir='ltr'><strong>in</strong></span> <span class='ocrx_word' id='word_1_61' title='bbox 844 1087 910 1147; x_wconf 88' lang='lat' dir='ltr'><strong>loca</strong></span> <span class='ocrx_word' id='word_1_62' title='bbox 937 1088 1019 1167; x_wconf 81' lang='lat' dir='ltr'><strong>peel·</strong></span> 
     </span>
     <span class='ocr_line' id='line_1_10' title="bbox 60 1188 1019 1269; baseline -0.005 -17"><span class='ocrx_word' id='word_1_63' title='bbox 60 1190 169 1262; x_wconf 83' lang='lat' dir='ltr'><strong>culum</strong></span> <span class='ocrx_word' id='word_1_64' title='bbox 190 1190 334 1251; x_wconf 79' lang='lat' dir='ltr'><strong>ecciesiae</strong></span> <span class='ocrx_word' id='word_1_65' title='bbox 355 1194 386 1248; x_wconf 86' lang='lat' dir='ltr'><strong>ct</strong></span> <span class='ocrx_word' id='word_1_66' title='bbox 405 1191 531 1269; x_wconf 85' lang='lat' dir='ltr'><strong>piorum,</strong></span> <span class='ocrx_word' id='word_1_67' title='bbox 553 1188 633 1265; x_wconf 85' lang='lat' dir='ltr'><strong>quod</strong></span> <span class='ocrx_word' id='word_1_68' title='bbox 654 1193 737 1250; x_wconf 86' lang='lat' dir='ltr'><strong>totus</strong></span> <span class='ocrx_word' id='word_1_69' title='bbox 757 1188 888 1249; x_wconf 87' lang='lat' dir='ltr'><strong>muudus</strong></span> <span class='ocrx_word' id='word_1_70' title='bbox 913 1191 1019 1248; x_wconf 83' lang='lat' dir='ltr'><strong>contra</strong></span> 
     </span>
     <span class='ocr_line' id='line_1_11' title="bbox 62 1288 1020 1370; baseline -0.008 -15"><span class='ocrx_word' id='word_1_71' title='bbox 62 1310 119 1355; x_wconf 79' lang='lat' dir='ltr'><strong>eos</strong></span> <span class='ocrx_word' id='word_1_72' title='bbox 141 1291 286 1370; x_wconf 76' lang='lat' dir='ltr'><strong>insurgit,</strong></span> <span class='ocrx_word' id='word_1_73' title='bbox 308 1308 364 1350; x_wconf 88' lang='lat' dir='ltr'><strong>nec</strong></span> <span class='ocrx_word' id='word_1_74' title='bbox 384 1290 416 1348; x_wconf 93' lang='lat' dir='ltr'><strong>id</strong></span> <span class='ocrx_word' id='word_1_75' title='bbox 435 1293 567 1361; x_wconf 86' lang='lat' dir='ltr'><strong>tantum,</strong></span> <span class='ocrx_word' id='word_1_76' title='bbox 596 1288 762 1355; x_wconf 78' lang='lat' dir='ltr'><strong>sedetiam</strong></span> <span class='ocrx_word' id='word_1_77' title='bbox 782 1290 895 1348; x_wconf 82' lang='lat' dir='ltr'><strong>furiose</strong></span> <span class='ocrx_word' id='word_1_78' title='bbox 915 1288 1020 1350; x_wconf 86' lang='lat' dir='ltr'><strong>irasci-</strong></span> 
     </span>
     <span class='ocr_line' id='line_1_12' title="bbox 60 1386 1020 1468; baseline -0.006 -15"><span class='ocrx_word' id='word_1_79' title='bbox 60 1398 133 1465; x_wconf 82' lang='lat' dir='ltr'><strong>tur,</strong></span> <span class='ocrx_word' id='word_1_80' title='bbox 159 1392 203 1451; x_wconf 84' lang='lat' dir='ltr'><strong>ita</strong></span> <span class='ocrx_word' id='word_1_81' title='bbox 227 1395 264 1449; x_wconf 84' lang='lat' dir='ltr'><strong>ut</strong></span> <span class='ocrx_word' id='word_1_82' title='bbox 291 1388 440 1468; x_wconf 77' lang='lat' dir='ltr'><strong>intelligas</strong></span> <span class='ocrx_word' id='word_1_83' title='bbox 462 1388 605 1448; x_wconf 77' lang='lat' dir='ltr'><strong>insultate</strong></span> <span class='ocrx_word' id='word_1_84' title='bbox 626 1389 755 1449; x_wconf 86' lang='lat' dir='ltr'><strong>nocendi</strong></span> <span class='ocrx_word' id='word_1_85' title='bbox 774 1391 863 1449; x_wconf 88' lang='lat' dir='ltr'><strong>etiam</strong></span> <span class='ocrx_word' id='word_1_86' title='bbox 883 1386 1020 1448; x_wconf 75' lang='lat' dir='ltr'><strong>volunta·</strong></span> 
     </span>
     <span class='ocr_line' id='line_1_13' title="bbox 61 1487 1020 1567; baseline -0.004 -14"><span class='ocrx_word' id='word_1_87' title='bbox 61 1496 143 1565; x_wconf 83' lang='lat' dir='ltr'><strong>tem,</strong></span> <span class='ocrx_word' id='word_1_88' title='bbox 178 1489 311 1550; x_wconf 89' lang='lat' dir='ltr'><strong>studium</strong></span> <span class='ocrx_word' id='word_1_89' title='bbox 344 1491 376 1547; x_wconf 86' lang='lat' dir='ltr'><strong>et</strong></span> <span class='ocrx_word' id='word_1_90' title='bbox 403 1487 541 1547; x_wconf 85' lang='lat' dir='ltr'><strong>arderem</strong></span> <span class='ocrx_word' id='word_1_91' title='bbox 568 1489 693 1549; x_wconf 85' lang='lat' dir='ltr'><strong>nocendi</strong></span> <span class='ocrx_word' id='word_1_92' title='bbox 723 1488 915 1567; x_wconf 82' lang='lat' dir='ltr'><strong>conjunctum</strong></span> <span class='ocrx_word' id='word_1_93' title='bbox 943 1508 1020 1549; x_wconf 89' lang='lat' dir='ltr'><strong>esse.</strong></span> 
     </span>
     <span class='ocr_line' id='line_1_14' title="bbox 64 1588 1021 1668; baseline -0.005 -16"><span class='ocrx_word' id='word_1_94' title='bbox 64 1594 121 1652; x_wconf 83' lang='lat' dir='ltr'><strong>Sic</strong></span> <span class='ocrx_word' id='word_1_95' title='bbox 155 1590 289 1666; x_wconf 89' lang='lat' dir='ltr'><strong>undique</strong></span> <span class='ocrx_word' id='word_1_96' title='bbox 316 1589 413 1650; x_wconf 86' lang='lat' dir='ltr'><strong>omnia</strong></span> <span class='ocrx_word' id='word_1_97' title='bbox 439 1588 614 1668; x_wconf 85' lang='lat' dir='ltr'><strong>plenissima</strong></span> <span class='ocrx_word' id='word_1_98' title='bbox 639 1589 768 1668; x_wconf 85' lang='lat' dir='ltr'><strong>periculi</strong></span> <span class='ocrx_word' id='word_1_99' title='bbox 803 1593 882 1661; x_wconf 88' lang='lat' dir='ltr'><strong>sunt,</strong></span> <span class='ocrx_word' id='word_1_100' title='bbox 926 1590 1021 1648; x_wconf 84' lang='lat' dir='ltr'><strong>Satan</strong></span> 
     </span>
     <span class='ocr_line' id='line_1_15' title="bbox 64 1688 1020 1767; baseline -0.003 -16"><span class='ocrx_word' id='word_1_101' title='bbox 64 1692 204 1752; x_wconf 84' lang='lat' dir='ltr'><strong>circumit</strong></span> <span class='ocrx_word' id='word_1_102' title='bbox 223 1694 365 1766; x_wconf 84' lang='lat' dir='ltr'><strong>tanquam</strong></span> <span class='ocrx_word' id='word_1_103' title='bbox 388 1688 434 1748; x_wconf 88' lang='lat' dir='ltr'><strong>leo</strong></span> <span class='ocrx_word' id='word_1_104' title='bbox 456 1690 587 1767; x_wconf 79' lang='lat' dir='ltr'><strong>rugiens,</strong></span> <span class='ocrx_word' id='word_1_105' title='bbox 609 1706 758 1765; x_wconf 84' lang='lat' dir='ltr'><strong>quaerens</strong></span> <span class='ocrx_word' id='word_1_106' title='bbox 779 1708 868 1765; x_wconf 91' lang='lat' dir='ltr'><strong>quem</strong></span> <span class='ocrx_word' id='word_1_107' title='bbox 888 1688 1020 1761; x_wconf 85' lang='lat' dir='ltr'><strong>devoret,</strong></span> 
     </span>
     <span class='ocr_line' id='line_1_16' title="bbox 63 1778 1022 1871; baseline -0.003 -21"><span class='ocrx_word' id='word_1_108' title='bbox 63 1791 219 1871; x_wconf 79' lang='lat' dir='ltr'><strong>principes</strong></span> <span class='ocrx_word' id='word_1_109' title='bbox 246 1778 350 1848; x_wconf 86' lang='lat' dir='ltr'><strong>mundi</strong></span> <span class='ocrx_word' id='word_1_110' title='bbox 377 1788 538 1866; x_wconf 76' lang='lat' dir='ltr'><strong>insurgunt</strong></span> <span class='ocrx_word' id='word_1_111' title='bbox 567 1792 597 1848; x_wconf 88' lang='lat' dir='ltr'><strong>et</strong></span> <span class='ocrx_word' id='word_1_112' title='bbox 624 1789 736 1848; x_wconf 82' lang='lat' dir='ltr'><strong>furiose</strong></span> <span class='ocrx_word' id='word_1_113' title='bbox 765 1790 952 1859; x_wconf 84' lang='lat' dir='ltr'><strong>irascuntur,</strong></span> <span class='ocrx_word' id='word_1_114' title='bbox 980 1788 1022 1847; x_wconf 83' lang='lat' dir='ltr'><strong>ad</strong></span> 
     </span>
     <span class='ocr_line' id='line_1_17' title="bbox 64 1888 1021 1970; baseline -0.001 -20"><span class='ocrx_word' id='word_1_115' title='bbox 64 1891 143 1951; x_wconf 80' lang='lat' dir='ltr'><strong>hacc</strong></span> <span class='ocrx_word' id='word_1_116' title='bbox 161 1891 194 1950; x_wconf 89' lang='lat' dir='ltr'><strong>in</strong></span> <span class='ocrx_word' id='word_1_117' title='bbox 213 1896 305 1970; x_wconf 79' lang='lat' dir='ltr'><strong>carne</strong></span> <span class='ocrx_word' id='word_1_118' title='bbox 330 1893 362 1949; x_wconf 86' lang='lat' dir='ltr'><strong>et</strong></span> <span class='ocrx_word' id='word_1_119' title='bbox 389 1889 573 1948; x_wconf 84' lang='lat' dir='ltr'><strong>conscientia</strong></span> <span class='ocrx_word' id='word_1_120' title='bbox 599 1893 703 1949; x_wconf 88' lang='lat' dir='ltr'><strong>nostra</strong></span> <span class='ocrx_word' id='word_1_121' title='bbox 723 1889 847 1949; x_wconf 82' lang='lat' dir='ltr'><strong>haerent</strong></span> <span class='ocrx_word' id='word_1_122' title='bbox 867 1888 1021 1949; x_wconf 86' lang='lat' dir='ltr'><strong>horribilia</strong></span> 
     </span>
     <span class='ocr_line' id='line_1_18' title="bbox 63 1986 1021 2069; baseline 0 -21"><span class='ocrx_word' id='word_1_123' title='bbox 63 1992 201 2069; x_wconf 81' lang='lat' dir='ltr'><strong>peccata.</strong></span> <span class='ocrx_word' id='word_1_124' title='bbox 245 1986 447 2067; x_wconf 34' lang='lat' dir='ltr'><strong>Quod-igitur,</strong></span> <span class='ocrx_word' id='word_1_125' title='bbox 473 2006 533 2048; x_wconf 87' lang='lat' dir='ltr'><strong>non</strong></span> <span class='ocrx_word' id='word_1_126' title='bbox 561 1991 697 2049; x_wconf 89' lang='lat' dir='ltr'><strong>omnibus</strong></span> <span class='ocrx_word' id='word_1_127' title='bbox 724 1990 881 2048; x_wconf 88' lang='lat' dir='ltr'><strong>momentis</strong></span> <span class='ocrx_word' id='word_1_128' title='bbox 908 1992 961 2049; x_wconf 83' lang='lat' dir='ltr'><strong>aut</strong></span> <span class='ocrx_word' id='word_1_129' title='bbox 988 1990 1021 2048; x_wconf 90' lang='lat' dir='ltr'><strong>in</strong></span> 
     </span>
     <span class='ocr_line' id='line_1_19' title="bbox 67 2073 1021 2168; baseline 0 -20"><span class='ocrx_word' id='word_1_130' title='bbox 67 2073 308 2167; x_wconf 60' lang='lat' dir='ltr'><strong>desperatiauEm</strong></span> <span class='ocrx_word' id='word_1_131' title='bbox 328 2089 527 2167; x_wconf 82' lang='lat' dir='ltr'><strong>prolabimur,</strong></span> <span class='ocrx_word' id='word_1_132' title='bbox 556 2094 609 2147; x_wconf 85' lang='lat' dir='ltr'><strong>aut</strong></span> <span class='ocrx_word' id='word_1_133' title='bbox 624 2089 689 2148; x_wconf 84' lang='lat' dir='ltr'><strong>alia</strong></span> <span class='ocrx_word' id='word_1_134' title='bbox 708 2091 757 2149; x_wconf 84' lang='lat' dir='ltr'><strong>via</strong></span> <span class='ocrx_word' id='word_1_135' title='bbox 776 2090 923 2168; x_wconf 84' lang='lat' dir='ltr'><strong>perimus,</strong></span> <span class='ocrx_word' id='word_1_136' title='bbox 953 2088 1021 2148; x_wconf 83' lang='lat' dir='ltr'><strong>idae</strong></span> 
     </span>
     <span class='ocr_line' id='line_1_20' title="bbox 68 2187 1022 2266; baseline 0 -17"><span class='ocrx_word' id='word_1_137' title='bbox 68 2188 114 2257; x_wconf 88' lang='lat' dir='ltr'><strong>fit,</strong></span> <span class='ocrx_word' id='word_1_138' title='bbox 137 2189 208 2264; x_wconf 86' lang='lat' dir='ltr'><strong>quia</strong></span> <span class='ocrx_word' id='word_1_139' title='bbox 223 2187 319 2266; x_wconf 83' lang='lat' dir='ltr'><strong>major</strong></span> <span class='ocrx_word' id='word_1_140' title='bbox 340 2191 395 2259; x_wconf 88' lang='lat' dir='ltr'><strong>est,</strong></span> <span class='ocrx_word' id='word_1_141' title='bbox 416 2190 467 2264; x_wconf 90' lang='lat' dir='ltr'><strong>qui</strong></span> <span class='ocrx_word' id='word_1_142' title='bbox 489 2190 518 2247; x_wconf 91' lang='lat' dir='ltr'><strong>in</strong></span> <span class='ocrx_word' id='word_1_143' title='bbox 540 2189 624 2249; x_wconf 89' lang='lat' dir='ltr'><strong>nobis</strong></span> <span class='ocrx_word' id='word_1_144' title='bbox 637 2193 691 2261; x_wconf 88' lang='lat' dir='ltr'><strong>est,</strong></span> <span class='ocrx_word' id='word_1_145' title='bbox 714 2208 803 2265; x_wconf 87' lang='lat' dir='ltr'><strong>quarn</strong></span> <span class='ocrx_word' id='word_1_146' title='bbox 819 2207 872 2249; x_wconf 89' lang='lat' dir='ltr'><strong>cor</strong></span> <span class='ocrx_word' id='word_1_147' title='bbox 885 2193 1022 2250; x_wconf 85' lang='lat' dir='ltr'><strong>nestrum</strong></span> 
     </span>
     <span class='ocr_line' id='line_1_21' title="bbox 67 2286 1022 2360; baseline -0.002 -11"><span class='ocrx_word' id='word_1_148' title='bbox 67 2293 99 2349; x_wconf 89' lang='lat' dir='ltr'><strong>et</strong></span> <span class='ocrx_word' id='word_1_149' title='bbox 117 2290 201 2348; x_wconf 83' lang='lat' dir='ltr'><strong>tetus</strong></span> <span class='ocrx_word' id='word_1_150' title='bbox 222 2287 369 2360; x_wconf 88' lang='lat' dir='ltr'><strong>mundus,</strong></span> <span class='ocrx_word' id='word_1_151' title='bbox 400 2288 479 2347; x_wconf 84' lang='lat' dir='ltr'><strong>sicut</strong></span> <span class='ocrx_word' id='word_1_152' title='bbox 499 2286 597 2348; x_wconf 87' lang='lat' dir='ltr'><strong>David</strong></span> <span class='ocrx_word' id='word_1_153' title='bbox 625 2288 798 2349; x_wconf 84' lang='lat' dir='ltr'><strong>confitetur:</strong></span> <span class='ocrx_word' id='word_1_154' title='bbox 825 2290 907 2360; x_wconf 82' lang='lat' dir='ltr'><strong>„lt&#39;isi</strong></span> <span class='ocrx_word' id='word_1_155' title='bbox 929 2290 1022 2348; x_wconf 88' lang='lat' dir='ltr'><strong>domi-</strong></span> 
     </span>
     <span class='ocr_line' id='line_1_22' title="bbox 65 2387 1022 2476; baseline -0.001 -28"><span class='ocrx_word' id='word_1_156' title='bbox 65 2406 126 2448; x_wconf 88' lang='lat' dir='ltr'><strong>nus</strong></span> <span class='ocrx_word' id='word_1_157' title='bbox 147 2391 227 2449; x_wconf 86' lang='lat' dir='ltr'><strong>esset</strong></span> <span class='ocrx_word' id='word_1_158' title='bbox 247 2388 416 2476; x_wconf 74' lang='lat' dir='ltr'><strong>uobiscum,</strong></span> <span class='ocrx_word' id='word_1_159' title='bbox 437 2389 547 2447; x_wconf 90' lang='lat' dir='ltr'><strong>inimici</strong></span> <span class='ocrx_word' id='word_1_160' title='bbox 569 2389 663 2447; x_wconf 83' lang='lat' dir='ltr'><strong>nestri</strong></span> <span class='ocrx_word' id='word_1_161' title='bbox 685 2389 766 2447; x_wconf 82' lang='lat' dir='ltr'><strong>vives</strong></span> <span class='ocrx_word' id='word_1_162' title='bbox 788 2387 1022 2467; x_wconf 75' lang='lat' dir='ltr'><strong>deglutivissent</strong></span> 
     </span>
     <span class='ocr_line' id='line_1_23' title="bbox 65 2473 1021 2570; baseline -0.002 -22"><span class='ocrx_word' id='word_1_163' title='bbox 65 2492 152 2549; x_wconf 87' lang='lat' dir='ltr'><strong>nos.“</strong></span> <span class='ocrx_word' id='word_1_164' title='bbox 174 2489 279 2567; x_wconf 48' lang='lat' dir='ltr'><strong>gNunc</strong></span> <span class='ocrx_word' id='word_1_165' title='bbox 299 2487 383 2547; x_wconf 85' lang='lat' dir='ltr'><strong>addit</strong></span> <span class='ocrx_word' id='word_1_166' title='bbox 404 2473 549 2570; x_wconf 56' lang='lat' dir='ltr'><strong>insignem</strong></span> <span class='ocrx_word' id='word_1_167' title='bbox 577 2486 814 2559; x_wconf 88' lang='lat' dir='ltr'><strong>similitudinem,</strong></span> <span class='ocrx_word' id='word_1_168' title='bbox 834 2505 894 2563; x_wconf 90' lang='lat' dir='ltr'><strong>qua</strong></span> <span class='ocrx_word' id='word_1_169' title='bbox 915 2488 1021 2567; x_wconf 89' lang='lat' dir='ltr'><strong>ampli·</strong></span> 
     </span>
     <span class='ocr_line' id='line_1_24' title="bbox 29 2585 1021 2670; baseline 0.007 -29"><span class='ocrx_word' id='word_1_170' title='bbox 29 2634 34 2641; x_wconf 91' lang='lat'><em>.</em></span> <span class='ocrx_word' id='word_1_171' title='bbox 63 2588 140 2649; x_wconf 87' lang='lat' dir='ltr'><strong>licat</strong></span> <span class='ocrx_word' id='word_1_172' title='bbox 159 2586 243 2666; x_wconf 84' lang='lat' dir='ltr'><strong>illam</strong></span> <span class='ocrx_word' id='word_1_173' title='bbox 260 2585 493 2670; x_wconf 71' lang='lat' dir='ltr'><strong>magnitudinem</strong></span> <span class='ocrx_word' id='word_1_174' title='bbox 504 2585 631 2666; x_wconf 83' lang='lat' dir='ltr'><strong>periculi</strong></span> <span class='ocrx_word' id='word_1_175' title='bbox 644 2588 674 2645; x_wconf 89' lang='lat' dir='ltr'><strong>et</strong></span> <span class='ocrx_word' id='word_1_176' title='bbox 691 2588 1021 2668; x_wconf 84' lang='lat' dir='ltr'><strong>potentiaeimpierum.</strong></span> 
     </span>
     <span class='ocr_line' id='line_1_25' title="bbox 64 2685 1023 2764; baseline 0 -16"><span class='ocrx_word' id='word_1_177' title='bbox 64 2688 116 2749; x_wconf 82' lang='lat' dir='ltr'><strong>lv.</strong></span> <span class='ocrx_word' id='word_1_178' title='bbox 143 2685 279 2764; x_wconf 75' lang='lat' dir='ltr'><strong>Aquae</strong></span> <span class='ocrx_word' id='word_1_179' title='bbox 306 2688 538 2747; x_wconf 87' lang='lat' dir='ltr'><strong>obruissent</strong></span> <span class='ocrx_word' id='word_1_180' title='bbox 565 2703 650 2755; x_wconf 85' lang='lat' dir='ltr'><strong>uns,</strong></span> <span class='ocrx_word' id='word_1_181' title='bbox 686 2685 804 2745; x_wconf 79' lang='lat' dir='ltr'><strong>fluvii</strong></span> <span class='ocrx_word' id='word_1_182' title='bbox 835 2689 1023 2749; x_wconf 84' lang='lat' dir='ltr'><strong>transiis-</strong></span> 
     </span>
    </p>

    <p class='ocr_par' dir='ltr' id='par_1_4' title="bbox 64 2788 1026 3065">
     <span class='ocr_line' id='line_1_26' title="bbox 233 2788 856 2866; baseline 0 -19"><span class='ocrx_word' id='word_1_183' title='bbox 233 2790 324 2847; x_wconf 85' lang='lat' dir='ltr'><strong>sent</strong></span> <span class='ocrx_word' id='word_1_184' title='bbox 344 2804 464 2866; x_wconf 84' lang='lat' dir='ltr'><strong>super</strong></span> <span class='ocrx_word' id='word_1_185' title='bbox 484 2788 648 2846; x_wconf 89' lang='lat' dir='ltr'><strong>animam</strong></span> <span class='ocrx_word' id='word_1_186' title='bbox 669 2790 856 2847; x_wconf 78' lang='lat' dir='ltr'><strong>uestram.</strong></span> 
     </span>
     <span class='ocr_line' id='line_1_27' title="bbox 64 2886 1026 2967; baseline 0.001 -21"><span class='ocrx_word' id='word_1_187' title='bbox 64 2887 103 2947; x_wconf 81' lang='lat' dir='ltr'><strong>V.</strong></span> <span class='ocrx_word' id='word_1_188' title='bbox 150 2886 435 2948; x_wconf 83' lang='lat' dir='ltr'><strong>&#39;l&#39;ransiissent</strong></span> <span class='ocrx_word' id='word_1_189' title='bbox 478 2904 600 2967; x_wconf 84' lang='lat' dir='ltr'><strong>super</strong></span> <span class='ocrx_word' id='word_1_190' title='bbox 643 2887 806 2948; x_wconf 84' lang='lat' dir='ltr'><strong>animem</strong></span> <span class='ocrx_word' id='word_1_191' title='bbox 847 2889 1026 2964; x_wconf 81' lang='lat' dir='ltr'><strong>nostram=</strong></span> 
     </span>
     <span class='ocr_line' id='line_1_28' title="bbox 267 2972 923 3065; baseline 0.002 -19"><span class='ocrx_word' id='word_1_192' title='bbox 267 2972 275 3024; x_wconf 70' lang='grc' dir='ltr'><strong>ἶ</strong></span> <span class='ocrx_word' id='word_1_193' title='bbox 339 3003 462 3065; x_wconf 86' lang='lat' dir='ltr'><strong>aquae</strong></span> <span class='ocrx_word' id='word_1_194' title='bbox 490 2988 602 3047; x_wconf 89' lang='lat' dir='ltr'><strong>nimis</strong></span> <span class='ocrx_word' id='word_1_195' title='bbox 632 2985 748 3047; x_wconf 85' lang='lat' dir='ltr'><strong>eltae.</strong></span> <span class='ocrx_word' id='word_1_196' title='bbox 793 3048 798 3062; x_wconf 72' lang='grc'>,</span> <span class='ocrx_word' id='word_1_197' title='bbox 918 2992 923 3005; x_wconf 88' lang='grc'><em>“</em></span> 
     </span>
    </p>

    <p class='ocr_par' dir='ltr' id='par_1_5' title="bbox 64 3075 1034 3769">
     <span class='ocr_line' id='line_1_29' title="bbox 148 3075 1023 3168; baseline 0.001 -20"><span class='ocrx_word' id='word_1_198' title='bbox 148 3084 229 3148; x_wconf 83' lang='lat' dir='ltr'><strong>Nota</strong></span> <span class='ocrx_word' id='word_1_199' title='bbox 248 3088 310 3159; x_wconf 86' lang='lat' dir='ltr'><strong>est,</strong></span> <span class='ocrx_word' id='word_1_200' title='bbox 331 3085 386 3149; x_wconf 87' lang='lat' dir='ltr'><strong>sed</strong></span> <span class='ocrx_word' id='word_1_201' title='bbox 407 3089 479 3147; x_wconf 87' lang='lat' dir='ltr'><strong>mire</strong></span> <span class='ocrx_word' id='word_1_202' title='bbox 501 3091 573 3168; x_wconf 85' lang='lat' dir='ltr'><strong>apta</strong></span> <span class='ocrx_word' id='word_1_203' title='bbox 594 3090 625 3147; x_wconf 88' lang='lat' dir='ltr'><strong>et</strong></span> <span class='ocrx_word' id='word_1_204' title='bbox 645 3075 919 3167; x_wconf 60' lang='lat' dir='ltr'><strong>significantissime</strong></span> <span class='ocrx_word' id='word_1_205' title='bbox 939 3087 1023 3149; x_wconf 87' lang='lat' dir='ltr'><strong>siml-</strong></span> 
     </span>
     <span class='ocr_line' id='line_1_30' title="bbox 64 3182 1025 3269; baseline 0.002 -22"><span class='ocrx_word' id='word_1_206' title='bbox 64 3182 173 3247; x_wconf 86' lang='lat' dir='ltr'><strong>litudo.</strong></span> <span class='ocrx_word' id='word_1_207' title='bbox 193 3182 375 3257; x_wconf 66' lang='lat' dir='ltr'><strong>,.Herribilis</strong></span> <span class='ocrx_word' id='word_1_208' title='bbox 396 3190 443 3248; x_wconf 87' lang='lat' dir='ltr'><strong>est</strong></span> <span class='ocrx_word' id='word_1_209' title='bbox 463 3190 579 3267; x_wconf 80' lang='lat' dir='ltr'><strong>species</strong></span> <span class='ocrx_word' id='word_1_210' title='bbox 601 3186 730 3247; x_wconf 89' lang='lat' dir='ltr'><strong>incendii</strong></span> <span class='ocrx_word' id='word_1_211' title='bbox 753 3186 938 3269; x_wconf 57' lang='lat' dir='ltr'><strong>musantia,</strong></span> <span class='ocrx_word' id='word_1_212' title='bbox 964 3188 1025 3249; x_wconf 89' lang='lat' dir='ltr'><strong>sed</strong></span> 
     </span>
     <span class='ocr_line' id='line_1_31' title="bbox 64 3276 1021 3367; baseline 0.002 -20"><span class='ocrx_word' id='word_1_213' title='bbox 64 3284 157 3365; x_wconf 72' lang='lat' dir='ltr'><strong>lenge</strong></span> <span class='ocrx_word' id='word_1_214' title='bbox 183 3283 276 3348; x_wconf 75' lang='lat' dir='ltr'><strong>uincit</strong></span> <span class='ocrx_word' id='word_1_215' title='bbox 302 3284 415 3346; x_wconf 81' lang='lat' dir='ltr'><strong>damen</strong></span> <span class='ocrx_word' id='word_1_216' title='bbox 444 3287 596 3347; x_wconf 86' lang='lat' dir='ltr'><strong>exundans</strong></span> <span class='ocrx_word' id='word_1_217' title='bbox 626 3290 658 3347; x_wconf 88' lang='lat' dir='ltr'><strong>et</strong></span> <span class='ocrx_word' id='word_1_218' title='bbox 682 3304 750 3347; x_wconf 84' lang='lat' dir='ltr'><strong>cum</strong></span> <span class='ocrx_word' id='word_1_219' title='bbox 775 3288 893 3367; x_wconf 81' lang='lat' dir='ltr'><strong>impetu</strong></span> <span class='ocrx_word' id='word_1_220' title='bbox 919 3276 1021 3361; x_wconf 68' lang='lat' dir='ltr'><strong>rueuu</strong></span> 
     </span>
     <span class='ocr_line' id='line_1_32' title="bbox 66 3378 1023 3467; baseline 0.003 -21"><span class='ocrx_word' id='word_1_221' title='bbox 66 3384 154 3446; x_wconf 83' lang='lat' dir='ltr'><strong>nulla</strong></span> <span class='ocrx_word' id='word_1_222' title='bbox 187 3385 266 3445; x_wconf 84' lang='lat' dir='ltr'><strong>enini</strong></span> <span class='ocrx_word' id='word_1_223' title='bbox 290 3386 438 3465; x_wconf 81' lang='lat' dir='ltr'><strong>petentia,</strong></span> <span class='ocrx_word' id='word_1_224' title='bbox 472 3384 564 3447; x_wconf 89' lang='lat' dir='ltr'><strong>nullis</strong></span> <span class='ocrx_word' id='word_1_225' title='bbox 598 3387 711 3447; x_wconf 84' lang='lat' dir='ltr'><strong>viribus</strong></span> <span class='ocrx_word' id='word_1_226' title='bbox 744 3378 846 3467; x_wconf 76' lang='lat' dir='ltr'><strong>potest</strong></span> <span class='ocrx_word' id='word_1_227' title='bbox 880 3387 1023 3449; x_wconf 85' lang='lat' dir='ltr'><strong>cobiberi.</strong></span> 
     </span>
     <span class='ocr_line' id='line_1_33' title="bbox 66 3481 1022 3568; baseline 0.005 -24"><span class='ocrx_word' id='word_1_228' title='bbox 66 3485 157 3544; x_wconf 85' lang='lat' dir='ltr'><strong>Sicut</strong></span> <span class='ocrx_word' id='word_1_229' title='bbox 176 3484 281 3563; x_wconf 76' lang='lat' dir='ltr'><strong>igitur,</strong></span> <span class='ocrx_word' id='word_1_230' title='bbox 301 3484 413 3563; x_wconf 84' lang='lat' dir='ltr'><strong>inquit,</strong></span> <span class='ocrx_word' id='word_1_231' title='bbox 432 3482 544 3561; x_wconf 81' lang='lat' dir='ltr'><strong>flumen</strong></span> <span class='ocrx_word' id='word_1_232' title='bbox 565 3504 633 3546; x_wconf 87' lang='lat' dir='ltr'><strong>cum</strong></span> <span class='ocrx_word' id='word_1_233' title='bbox 653 3504 760 3565; x_wconf 78' lang='lat' dir='ltr'><strong>magno</strong></span> <span class='ocrx_word' id='word_1_234' title='bbox 781 3481 897 3568; x_wconf 70' lang='lat' dir='ltr'><strong>impetu</strong></span> <span class='ocrx_word' id='word_1_235' title='bbox 917 3489 1022 3562; x_wconf 70' lang='lat' dir='ltr'><strong>lemur,</strong></span> 
     </span>
     <span class='ocr_line' id='line_1_34' title="bbox 66 3577 1024 3665; baseline 0.006 -22"><span class='ocrx_word' id='word_1_236' title='bbox 66 3588 100 3643; x_wconf 90' lang='lat' dir='ltr'><strong>et</strong></span> <span class='ocrx_word' id='word_1_237' title='bbox 121 3582 268 3661; x_wconf 85' lang='lat' dir='ltr'><strong>quidquid</strong></span> <span class='ocrx_word' id='word_1_238' title='bbox 287 3577 402 3645; x_wconf 79' lang='lat' dir='ltr'><strong>obuiam</strong></span> <span class='ocrx_word' id='word_1_239' title='bbox 418 3586 508 3659; x_wconf 76' lang='lat' dir='ltr'><strong>venit,</strong></span> <span class='ocrx_word' id='word_1_240' title='bbox 532 3584 632 3647; x_wconf 82' lang='lat' dir='ltr'><strong>euellit</strong></span> <span class='ocrx_word' id='word_1_241' title='bbox 653 3589 684 3645; x_wconf 87' lang='lat' dir='ltr'><strong>ct</strong></span> <span class='ocrx_word' id='word_1_242' title='bbox 705 3584 848 3665; x_wconf 75' lang='lat' dir='ltr'><strong>dissipat,</strong></span> <span class='ocrx_word' id='word_1_243' title='bbox 869 3588 913 3648; x_wconf 86' lang='lat' dir='ltr'><strong>ita</strong></span> <span class='ocrx_word' id='word_1_244' title='bbox 932 3590 1024 3649; x_wconf 84' lang='lat' dir='ltr'><strong>etiam</strong></span> 
     </span>
     <span class='ocr_line' id='line_1_35' title="bbox 66 3683 1034 3769; baseline 0.005 -24"><span class='ocrx_word' id='word_1_245' title='bbox 66 3687 118 3746; x_wconf 88' lang='lat' dir='ltr'><strong>est</strong></span> <span class='ocrx_word' id='word_1_246' title='bbox 149 3683 235 3746; x_wconf 81' lang='lat' dir='ltr'><strong>turer</strong></span> <span class='ocrx_word' id='word_1_247' title='bbox 266 3683 396 3747; x_wconf 85' lang='lat' dir='ltr'><strong>bestium</strong></span> <span class='ocrx_word' id='word_1_248' title='bbox 416 3684 593 3762; x_wconf 53' lang='lat' dir='ltr'><strong>,amicum</strong></span> <span class='ocrx_word' id='word_1_249' title='bbox 618 3685 805 3749; x_wconf 80' lang='lat' dir='ltr'><strong>humanari</strong></span> <span class='ocrx_word' id='word_1_250' title='bbox 828 3704 893 3749; x_wconf 84' lang='lat' dir='ltr'><strong>uun</strong></span> <span class='ocrx_word' id='word_1_251' title='bbox 920 3692 1034 3769; x_wconf 62' lang='lat' dir='ltr'><strong>anteat.</strong></span> 
     </span>
    </p>
   </div>
   <div class='ocr_carea' id='block_1_3' title="bbox 0 0 1115 4058">
    <p class='ocr_par' dir='ltr' id='par_1_6' title="bbox 0 0 1115 4058">
     <span class='ocr_line' id='line_1_36' title="bbox 0 0 1115 4058; baseline 0 0"><span class='ocrx_word' id='word_1_252' title='bbox 0 0 1115 4058; x_wconf 95' lang='lat' dir='ltr'><strong> </strong></span> 
     </span>
    </p>
   </div>
  </div>
 </body>
</html>
