2190 4064
104 223 166 284 m
405 214 742 275 *praeteritores

106 375 139 432 et
155 354 381 430 mortificatione
402 368 510 426 veteris
532 366 666 438 hominis,
687 366 849 443 edjnrente
869 320 921 425 ee'e
941 366 1047 444 Spiritu

105 470 222 539 ennete,
250 484 338 542 quem
358 485 414 546 per
435 472 465 527 et
492 471 617 545 propter
638 465 799 525 Christum.
811 463 940 524 effundit
967 470 1046 543 peter

106 572 138 629 in
156 588 222 638 eos,
244 568 304 642 qui·
316 567 515 625 testimoninm
535 565 590 624 hoc
612 565 768 643 occipiunt

186 665 270 725 Hnee
291 673 338 724 est
357 684 416 723 une
436 683 508 743 pers
528 665 589 723 veri
610 665 708 723 cultus
729 664 799 733 Dei,
825 666 862 720 ut
893 662 1043 731 discemus,

109 784 187 843 quoe
206 767 245 825 sit
272 765 427 843 potissimo
448 765 522 822 retio
551 765 696 822 serviendi
719 764 796 834 Deo,
825 766 857 821 et
877 762 1043 840 proeetendi

107 866 172 927 neo
194 882 261 934 eum
283 863 410 933 cultum,
431 880 489 938 quo
510 865 632 921 maxime
653 862 835 932 delectatur,
856 879 979 940 nempe,
1001 860 1045 919 do

107 984 176 1026 eere
203 965 327 1023 verbnm
353 962 425 1033 Dei,
453 966 484 1021 et
511 962 614 1021 audire
641 961 736 1021 Deum
764 978 818 1039 per
846 964 944 1019 testes
971 978 1042 1042 snos.

107 1062 209 1140 Atque
237 1063 311 1121 hoec
340 1061 442 1131 etiem'
456 1064 503 1119 est
530 1057 703 1136 causon),
732 1078 786 1119 cnr
812 1058 954 1123 dioboles
980 1058 1045 1119 nteit

108 1182 204 1239 neque
226 1162 327 1240 cupiet
351 1159 509 1239 impedire,
535 1178 624 1237 quem
643 1160 895 1238 praedicationem
921 1160 1002 1218 veriti
1019 1162 1046 1217 et

107 1262 241 1322 nuditum
269 1261 362 1321 verbi.
401 1254 480 1318 ‘ideo
510 1259 631 1330 excitet,
664 1260 741 1318 sient
767 1260 799 1316 in
825 1258 924 1337 primo
953 1252 1044 1339 [roo]

106 1360 221 1442 psalmo
242 1359 415 1429 andivimus,
437 1357 517 1417 lobia
538 1358 681 1434 iniqneet
696 1357 955 1435 tinguerentur,
976 1376 1047 1417 eom·

107 1461 248 1537 moret⁶)
279 1458 436 1529 mnodum,
464 1462 500 1517 nt
521 1456 617 1536 gladio
639 1463 670 1517 et
689 1459 718 1516 ri
739 1462 863 1516 conetur
884 1459 1046 1541 opprimere

108 1562 191 1642 pios,
220 1558 340 1619 tendem
373 1554 453 1636 opud
482 1560 513 1615 et
531 1562 634 1616 contro
653 1576 708 1615 nos
736 1558 816 1636 ipsos
843 1564 996 1617 contemto
1020 1560 1047 1615 et

108 1659 226 1721 fastidio
260 1659 340 1717 hune
368 1654 488 1720 'enitnnr
522 1661 647 1715 eonstnr
682 1655 816 1727 abolere,
841 1657 904 1715 'nbi
932 1661 1047 1717 eeontrn

108 1777 210 1836 nequo·
224 1759 319 1816 animo
338 1757 454 1835 petitur
474 1755 621 1815 aedificari
641 1754 766 1833 templo,
798 1760 829 1814 et
849 1756 960 1816 ornari.
990 1755 1048 1815 sot

108 1859 187 1917 enim
208 1875 267 1915 non
286 1856 405 1933 infringi
426 1854 536 1914 talibus
547 1856 625 1914 vires
641 1858 672 1913 et
691 1854 854 1933 potentiam
875 1872 972 1917 sunm.
992 1852 1048 1915 Sed

109 1954 388 2034 compraedicatur
409 1955 446 2012 de
473 1956 534 2014 rite
560 1960 696 2024 aeterno,
723 1955 894 2013 remissione
914 1960 1048 2034 peretto·

108 2072 192 2124 rnm,
212 2057 242 2112 et
259 2052 377 2130 justitio
396 2070 452 2131 per
474 2052 624 2111 Christum
646 2054 730 2112 nobie
748 2043 868 2125 'denote
888 2052 966 2115 hnee
985 2054 1048 2113 doe·

109 2152 189 2214 trine
217 2149 346 2212 destruit
372 2168 497 2230 regnum
527 2151 600 2228 ejus.
641 2152 744 2226 lteqne
765 2155 923 2231 tantopere
951 2154 1047 2223 enerit¹

110 2256 142 2312 et
150 2252 246 2313 omnin
254 2254 386 2323 eonntnr,
400 2269 476 2328 quae
484 2255 572 2329 putet
583 2251 820 2330 impedireposse
829 2270 953 2312 eorsum
961 2252 1046 2311 verti.

192 2349 297 2412 Altero
315 2368 387 2431 pare
408 2350 507 2411 cultus
519 2349 574 2408 Dei
596 2354 642 2409 est
666 2349 798 2409 confiteri
811 2353 921 2411 nomini
935 2350 1047 2412 domini

111 2451 178 2513 Hoc
200 2454 327 2513 setinum
356 2456 415 2523 est,
443 2450 517 2509 iilud
542 2450 700 2528 passivum.
741 2451 873 2509 Primum
901 2454 981 2511 enim
1006 2453 1049 2509 est

111 2553 404 2631 occipereverbum,
426 2569 480 2610 seu
501 2550 599 2609 doceri
621 2550 718 2609 verbo.
759 2548 827 2608 Hoo
846 2550 903 2613 etsi
925 2551 958 2609 in
969 2568 1049 2609 nnn·

113 2650 151 2712 do
173 2650 377 2720 contemnitur,
400 2655 498 2709 tamen
519 2649 600 2710 Dens
621 2650 696 2708 tenti
717 2648 793 2720 ierit,
814 2653 849 2709 nt
862 2668 934 2710 rere
948 2650 1049 2719 omnia,

112 2752 144 2809 et
163 2748 239 2807 retio
255 2749 402 2807 vestiendi
429 2754 506 2820 tote,
535 2768 611 2824 quoe
638 2749 668 2806 in
696 2748 761 2825 lege
791 2760 822 2807 et
847 2748 961 2827 templo
988 2748 1049 2819 tuit,

113 2847 203 2927 hujus
225 2847 381 2907 ministerii
403 2851 500 2907 essent
522 2847 634 2927 figurae
654 2847 797 2923 quaedem
818 2851 849 2907 et
862 2847 938 2927 typi.
980 2848 1049 2907 Post

112 2946 186 3007 heee
205 2946 368 3027 proximum
388 2950 449 3018 est,
470 2963 537 3004 eum
558 2947 678 3003 verbum
699 2947 879 3017 audivimus,
907 2948 944 3005 ut
965 2948 1049 3007 etiem
1089 2979 1091 3033 5

113 3042 177 3105 Deo
213 3063 335 3124 egem
366 3046 485 3124 gratiss.
534 3042 623 3103 Hune
652 3044 763 3103 cultum
788 3045 952 3105 seeundum
981 3046 1049 3107 fecit
1085 3051 1091 3085 ·“

117 3141 222 3215 David,
245 3162 312 3204 enm
330 3142 484 3222 praedicat
502 3160 585 3201 suem
604 3142 798 3203 Hierusalem.
819 3142 920 3221 Atque
928 3144 981 3205 hie
999 3145 1051 3205 ite-
1080 3213 1084 3220 ¹

119 3260 186 3300 rum
206 3244 387 3313 memineris,
415 3260 482 3301 eum
500 3246 600 3301 tenere
620 3241 658 3302 de
678 3241 827 3302 sacrificiis
848 3248 879 3303 et
898 3246 1050 3305 mnototio·
1080 3224 1083 3235 Ι

116 3342 212 3400 nibus.
240 3342 304 3400 Non
326 3341 454 3417 quidem,
472 3346 507 3402 ut
527 3345 596 3400 ente
616 3340 686 3413 diri,
708 3342 897 3421 reprehendit
918 3362 969 3415 en,
1000 3340 1050 3403 red

119 3448 324 3537 *fist-oeten
344 3475 414 3526 tione
432 3472 679 3543 coitomimpedit,
699 3472 866 3542 pepisterom
886 3474 979 3531 enites
998 3490 1051 3529 non

115 3558 239 3629 impetn.

186 3649 213 3717 ‘J
231 3647 262 3701 Ιιι
281 3646 347 3703 edit.
368 3650 455 3720 erige
475 3654 718 3703 commovent.

239 3972 328 3994 Α
553 3956 570 3994 1
