2190 4064
68 131 132 192 248
219 170 241 187 .-
361 130 392 165 ·'
450 126 705 231 Enarratioi

68 282 189 342 indutos
218 299 300 353 asse,
332 281 489 359 impietate
515 298 552 339 ac
571 279 750 358 blasphema
773 278 916 338 doctrina
933 277 1017 345 inlati

69 393 149 457 sunt,
170 387 249 445 sicnt
271 390 392 449 econtra
409 372 693 450 summum-.ch
714 384 775 453 est,
796 383 914 443 habcm
932 400 1018 443 sacer·

72 489 157 550 dotes
176 491 296 568 justitia
315 489 446 550 innatos.
473 479 514 539 ·-'
537 515 542 526 ·
614 524 618 529 -

77 638 81 645 ·
154 593 243 660 Quod
276 597 426 670 sequitur:
461 597 529 667 ¹„lit
549 594 711 654 sancti-tui
731 591 924 662 exsultent,“
955 576 1028 649 satia

72 698 199 779 pulchre
228 699 387 772 ostendit,
405 720 483 778 qnae
505 700 561 759 Dei
580 699 618 758 (le
629 698 725 759 'n'obis
747 700 791 758 sit
807 697 963 755 sententia
979 692 1019 751 rel

73 803 242 874 consiliam,
271 814 377 885 nempe
400 804 480 881 qnod
501 803 584 863 Dens
604 821 663 862 non
685 803 863 873 delectatur
884 801 1020 876 inquieta-

74 909 144 1007 dine
164 929 219 971 sen
240 910 362 970 tristitia
380 905 556 985 cardian),
576 907 709 980 honest,
731 906 814 967 mala
835 906 1021 975 conscientia,

75 1012 164 1090 qrr'arn
180 999 338 1092 perlatum
358 1015 454 1093 gignit
474 1018 505 1073 et
519 1017 624 1083 metns,
647 1016 698 1088 qni
720 1009 909 1073 naturaliter·
925 1026 1022 1088 peom-

75 1123 138 1179 tum
165 1119 323 1194 sequitur,
347 1121 426 1178 sicut
464 1121 587 1178 econtra
615 1118 693 1175 bona
731 1115 936 1175 conscientia¹
953 1112 1045 1172 laeta·

57 1207 105 1309 'ct
143 1221 247 1283 hilaris
284 1226 332 1282 ost
358 1227 395 1282 et.
419 1224 469 1302 pie
489 1224 633 1283 secnrnm'
655 1221 788 1280 animum
807 1218 896 1279 iacit.
956 1218 1023 1278 Gom

76 1329 171 1407 igitar.
195 1329 256 1387 sint
285 1327 347 1397 dno
375 1345 489 1407 regna,
519 1344 643 1404 regnam
665 1325 770 1385 montis
793 1330 826 1385 et
847 1326 946 1396 vitae,
976 1341 1023 1384 aar

75 1434 184 1493 infami
205 1437 235 1492 et
255 1433 347 1504 conii,
360 1437 455 1512 optat,
474 1436 510 1492 nt
527 1431 623 1491 sancti
644 1431 674 1489 in
694 1448 790 1510 regno
811 1431 897 1490 ritae
915 1448 1023 1491 consor·

76 1542 200 1608 rentur,
240 1541 272 1598 at
304 1536 445 1597 lrnantnn
474 1539 552 1597 hona
588 1536 785 1625 conscientia,
825 1554 922 1613 qaam
949 1538 1023 1615 justa

77 1643 266 1705 anecdotum
294 1643 509 1704 administratio
537 1643 699 1720 praecipue
720 1640 828 1719 efficia
876 1644 954 1704 (inm
972 1643 1022 1703 lac

77 1751 250 1828 precatione
270 1749 407 1808 contenit
427 1747 559 1827 precatio
581 1744 751 1825 apostolica,
777 1764 799 1806 a
820 1765 885 1824 qna
907 1746 1020 1828 apostoli

77 1873 148 1913 snas
174 1850 321 1932 epistolas
347 1851 411 1911 lare
440 1851 612 1911 ordinatur:
629 1870 635 1905 :
655 1851 781 1923 „Gratia
811 1855 904 1914 vobis
924 1858 954 1914 et
973 1870 1021 1933 aas

78 1959 183 2038 aslleo·
195 1950 370 2036 patrectc.“
403 1953 581 2031 .Gratia²⁸)
603 1964 651 2016 ost
669 1957 805 2016 remissio
826 1965 1020 2036 peccatoram,

77 2065 156 2123 hanc
177 2063 314 2138 sequitur
331 2063 500 2122 necessario
520 2055 642 2141 pann)
664 2079 717 2120 sen
738 2062 819 2121 bona
840 2064 1019 2132 conscientia,

79 2170 168 2245 quarn
191 2169 240 2228 hic
254 2167 356 2237 ¹'David
377 2171 464 2227 vocat
484 2166 731 2227 exsultationem.·-
761 2168 925 2229 Sententia
943 2171 1019 2249 igitur

80 2279 143 2335 estc
184 2276 288 2334 Sancti
310 2275 369 2344 tui,
389 2273 522 2345 honest,
543 2272 674 2353 populna
690 2270 782 2332 aimnl
804 2292 875 2333 cnm
897 2273 1021 2334 sacerdo

79 2383 164 2440 tibus¹
197 2379 299 2439 audito
329 2396 399 2439 vero
430 2381 518 2438 verbo
545 2379 632 2457 justi-
647 2377 802 2437 ministerii
831 2379 980 2438 exsultent
996 2377 1020 2434 in

79 2485 129 2545 illo
150 2488 256 2556 verbo,
292 2486 352 2545 sint
375 2485 490 2556 securi,
510 2483 695 2562 triumphent
714 2487 771 2543 etc.
816 2482 914 2543 Vocat
934 2487 1019 2542 antem

82 2591 263 2664 scaenam)
293 2593 418 2669 propter
446 2608 532 2649 nsum
565 2589 646 2647 verbi
678 2592 709 2648 et
739 2588 915 2660 ministerii,
952 2584 1020 2664 qnol

81 2701 217 2756 sanctum
241 2699 297 2755 ost.
340 2695 391 2752 Sic
414 2693 523 2753 ludaei
543 2694 727 2752 vocabantur
747 2694 860 2763 sancti,
892 2695 975 2770 quia,
993 2694 1021 2749 nt

36 2793 41 2800 ’
81 2819 175 2879 snpra
206 2799 279 2869 diri,
314 2801 399 2857 erant
419 2800 449 2857 in
470 2800 521 2857 illo
541 2796 671 2879 populo,
693 2797 756 2872 ·qui
778 2797 915 2858 habebat
935 2812 1022 2856 arcam

82 2911 113 2964 et
146 2907 268 2963 verbnm
302 2900 373 2972 Dei,
406 2921 455 2961 res
488 2922 557 2961 vera
588 2905 708 2962 sanctas
739 2906 770 2961 nt
802 2898 1023 2967 sanctificantes,

81 3010 132 3066 Sic
153 3006 292 3066 ecclesia
323 3010 427 3067 nostra
455 3005 573 3084 qnoque
601 3011 724 3066 vocatur
752 3004 942 3084 sonatan),
974 3020 1023 3065 noa

81 3113 243 3189 praecipua
258 3116 383 3188 proptor
396 3113 583 3191 personalem
597 3112 794 3183 sanctitatem,
817 3130 909 3188 qnam
929 3111 1025 3172 adesso

81 3233 203 3277 necesso
237 3218 299 3284 est,
335 3218 388 3275 sed
420 3220 519 3297 potins
547 3222 674 3296 propter
701 3218 910 3289 sanctitatem,
946 3232 1026 3294 qnam

81 3322 204 3380 s’trbnm
238 3326 268 3378 ot
299 3328 488 3385 sacramenta
515 3321 644 3383 afferunt
665 3322 703 3380 ad
724 3320 783 3381 rito
805 3327 938 3381 utentes.
978 3320 1028 3378 llis

82 3432 225 3504 precatur
252 3424 408 3498 laetitiam,
430 3431 465 3485 ut
486 3429 595 3486 sintin
618 3427 735 3485 domino
757 3426 828 3485 laeti
850 3434 882 3486 et
898 3424 1030 3506 jucnnii.

90 3512 325 3526 -α-ι-οά-ιο--υ

107 3576 121 3587 --
148 3547 202 3615 21)
224 3548 301 3601 Dens
328 3560 383 3597 aar
406 3546 472 3598 'volt
500 3546 610 3603 tristem
635 3546 774 3615 spiritam.
847 3546 901 3616 18)
924 3546 1028 3604 Gratia.

81 3640 133 3712 zi)
155 3638 226 3697 Pax.
300 3638 352 3708 ao)
375 3636 481 3693 Sancti.
556 3636 894 3713 numennumen.
