2190 4064
114 246 156 308 CC
184 262 188 269 ·
480 245 689 309 Enarratio

124 459 127 465 ,
194 396 229 457 iu
249 414 284 457 eo
296 396 397 476 igitur
412 399 515 478 posits
534 405 605 461 suut
626 403 735 473 omnis,
766 407 801 463 ut
821 403 953 484 legitimo¹
972 411 1059 469 utsu-
1079 478 1083 483 ,

112 501 165 559 tur
185 497 377 578 adspersione
397 498 521 571 iudaei,
549 506 794 581 autexspectent
814 506 930 565 ruinam
951 509 1078 568 salutis·

31 607 36 628 ¹
110 602 145 660 et
163 598 256 659 totius
276 598 361 678 legis.
392 598 467 659 Nam
488 600 567 677 quod
588 601 762 681 simpliciter
782 604 821 662 ed
843 608 1057 693 opusuttiuet,

109 703 215 782 posset
235 700 348 759 seruari
375 699 474 760 adhuc
502 700 655 779 adspersio
676 700 891 775 diationico,
925 706 951 764 si
979 706 1055 767 haec

106 800 170 862 duo
191 802 291 880 rapite
310 798 513 887 sulvaessent,
533 802 661 879 primum
677 806 711 861 ut
732 802 907 863 crederetur
927 788 1067 865 iuChriss

107 902 189 961 stum
205 901 269 979 jam
288 898 468 972 exhibitum,
489 903 521 960 et
540 918 599 960 non
619 901 651 959 in
671 900 821 961 Christum
842 903 993 977 futurum,
1014 907 1054 965 si-

107 1000 304 1079 cutsubiege,
325 993 393 1059 nam
399 1000 441 1079 pii
447 1000 483 1058 iu
494 999 561 1079 lege
575 1000 641 1059 ideo
653 999 918 1079 adspergebautuu
931 1008 966 1063 ut
977 1004 1053 1065 iate-

103 1105 211 1163 rentur
219 1106 257 1163 st
262 1103 446 1179 testarentur
452 1118 486 1159 se
496 1119 562 1160 esse
571 1099 666 1160 infide
679 1119 767 1161 verse
782 1102 983 1180 adepersionis
995 1124 1053 1183 per

104 1203 260 1263 Christum
289 1200 424 1271 futurae3
465 1200 628 1261 seeundum
659 1202 685 1260 si
716 1201 902 1280 adspersioni
929 1203 1052 1264 illinon

105 1304 291 1379 tribueretur
304 1299 439 1379 justitia,
460 1299 516 1360 sed
536 1300 671 1379 adspersi
693 1303 838 1362 sentirent
859 1322 891 1362 se
912 1322 971 1363 nou
991 1323 1052 1365 uuo

103 1401 165 1485 pilo
185 1401 323 1463 meliores
343 1418 410 1459 esse
430 1418 529 1460 coram
541 1398 606 1461 Deo
626 1406 697 1481 post
715 1400 1051 1481 iitemledspersionem,

104 1520 194 1582 quam
215 1505 294 1561 ante
323 1498 380 1561 His
401 1482 519 1561 duobus
539 1500 628 1561 salvis
651 1502 715 1561 sine
728 1502 861 1581 periculo
881 1508 985 1582 posset
996 1503 1049 1563 ali-

102 1604 171 1682 quis
191 1601 341 1681 adspergi.
383 1598 446 1659 Sed
464 1600 572 1668 iudaei
592 1602 687 1663 uestri
713 1602 744 1660 in
765 1604 893 1679 utroque
912 1607 1048 1683 peccaut,

17 1746 23 1768 .
101 1707 135 1765 et
152 1702 234 1781 quod
256 1704 429 1781 exspectent
450 1700 615 1775 Christum,
636 1700 777 1779 tanquam
799 1720 858 1761 nou
879 1701 919 1761 sit
939 1700 1049 1763 exhibi-

100 1806 163 1875 tus,
183 1806 215 1863 et
235 1800 317 1879 quod
343 1802 406 1864 suis
425 1797 534 1863 ritibus
553 1803 691 1864 tribuunt
707 1802 865 1881 justitium.
906 1800 974 1861 Hoc
994 1820 1048 1861 su·

97 1906 163 1964 tem
186 1906 233 1963 est
253 1919 372 1979 negare,
395 1900 548 1961 Christum
567 1887 737 1979 venisses¹
762 1918 890 1973 emnem,
917 1897 1048 1977 ethius-

98 2002 242 2083 phemare
259 2004 391 2060 nostram
411 1998 569 2062 coelestem
585 1901 798 2079 immisi-er
822 1999 882 2059 tide
907 2001 939 2059 in
959 1998 1045 2060 Ch'ri·

98 2106 189 2165 stum.
230 2099 316 2160 Haeo
334 2083 735 2180 priusquamadmittrmus',
767 2100 918 2187 patiemur
942 2102 1045 2180 potius

97 2201 204 2266 diesen
223 2218 293 2261 cum
319 2199 453 2259 omnihus
474 2199 536 2259 suis
555 2200 664 2260 ritihus
684 2203 723 2261 et.
742 2201 914 2277 ceremoniis
934 2202 1045 2280 perire.

181 2300 376 2363 Chservsuds
394 2282 487 2379 igitur
505 2304 552 2360 est
570 2300 645 2360 haee
653 2299 776 2361 Davidis
787 2299 947 2359 distinctio.
968 2301 1046 2364 Nem

96 2404 126 2467 si
152 2402 205 2465 illa
230 2399 366 2481 justitia,
399 2418 477 2477 quae
504 2400 536 2459 iu
564 2398 631 2479 iege
651 2399 791 2461 diuinitus
811 2400 869 2559 pit
887 2399 1040 2473 mandata,

36 2569 39 2574 ,
96 2522 157 2567 non
174 2501 348 2583 jmufiosut
361 2499 559 2572 uorem-nso,
580 2499 653 2577 quid
673 2500 805 2561 dicemus
848 2519 880 2560 os
902 2499 942 2559 de
967 2500 1045 2580 poli·

96 2606 160 2667 ua
174 2586 328 2683 justitias
344 2600 425 2666 our
446 2600 577 2661 erasmus
598 2601 637 2660 us
655 2600 723 2661 aurs
744 2602 883 2681 operibus
904 2604 936 2661 et
956 2601 1046 2663 cuu-

96 2708 164 2779 hus,
186 2723 261 2783 quos
282 2704 347 2761 siue
366 2700 423 2761 Dei
442 2701 582 2762 mundato
603 2684 771 2780 suscipiunt
789 2701 940 2772 homiues,
962 2702 1043 2762 sicut

96 2810 180 2869 tetus
197 2807 328 2886 papatus
348 2805 395 2861 est
414 2802 445 2860 in
465 2793 769 2885 ἕθελοθρησκίαις,
799 2805 834 2860 ut
854 2799 967 2861 Paulus
987 2820 1044 2881 ap-

96 2906 200 2989 pellat,
234 2904 422 2970 Querumus
442 2901 535 2979 igitur
555 2898 777 2980 adspersionem
800 2900 923 2978 spiritns
945 2904 976 2960 et
990 2903 1043 2961 ab·

95 3006 240 3069 tutionem
265 3002 442 3072 interiorem,
463 3019 550 3076 quum
567 3001 682 3068 ,Petrns
692 3003 718 3061 1.
739 2998 804 3059 Pet.
833 3004 859 3058 1.
880 3002 966 3059 vocat
988 2999 1042 3060 ad-

95 3107 282 3189 spersionem
303 3101 455 3181 sauguinis
471 3101 598 3172 Christi,
621 3118 680 3177 quo
701 3118 801 3160 omnes
823 3099 1040 3179 adspergimur‚

94 3208 148 3295 qui
182 3204 320 3265 audimus
345 3206 377 3261 et
417 3200 564 3260 credimus
604 3198 774 3279 evangelion
802 3199 922 3259 Christi.
964 3200 1041 3259 Nam

95 3328 130 3370 oa
150 3308 234 3386 ejus,
255 3305 305 3382 qui
328 3302 416 3361 docet
436 3299 615 3378 evangelion,
636 3305 682 3359 est
701 3297 834 3378 hysopus
864 3303 895 3358 ct
915 3298 1041 3378 sdsper·

95 3410 208 3471 serium
229 3403 317 3475 illud,
346 3420 404 3479 quo
433 3397 568 3458 doctrine
598 3399 742 3477 evangeiii
763 3400 905 3478 sauguine
926 3399 1039 3459 Christi

95 3510 192 3575 tincta
212 3500 599 3582 et'oonsignstsspsrgitur
618 3500 650 3559 in
670 3498 833 3559 ecclesiam.
857 3499 937 3559 Huic
946 3502 1039 3560 verbo

95 3609 149 3688 qui
167 3625 226 3668 uon
246 3603 380 3675 credunt,
400 3604 471 3662 sunt
492 3597 610 3678 quidem
630 3598 775 3678 adspersi,
795 3598 862 3660 ideo
877 3600 1046 3659 etiamssu·

89 3709 163 3784 guis
185 3703 297 3773 Christi
319 3710 351 3765 st
383 3702 506 3763 verbum
536 3697 647 3759 Christi
667 3715 719 3760 ees
740 3697 902 3779 judieehit,
927 3698 980 3759 sed
1001 3699 1047 3759 in·

520 3931 635 4014 ,Α

277 4009 356 4030 —n
