2190 4064
26 184 29 189 .
66 132 128 196 m
398 126 402 179 ἶ
444 128 699 203 Essuuios
764 160 771 183 ·.

63 283 288 365 imeaonmitna
306 281 450 343 inissem!
492 282 651 343 Sentisbat
664 282 761 342 erin·
776 284 816 343 in
832 302 870 345 ao
889 285 1005 369 pariaris

65 393 157 450 etiem
187 388 359 468 diligentem
384 386 521 466 institiae
547 386 842 465 administrationum
863 391 936 451 nihii
954 394 1044 507 apis¹

66 495 182 555 aiierre.
225 495 279 553 Sie
298 493 419 564 (linaro,
447 510 516 552 num
545 493 584 551 ob
602 489 733 570 Augusti
764 499 800 554 ot
820 492 944 557 Antonii
963 514 1006 577 po
1041 510 1044 555 ε

52 594 190 661 ¹tentiam
222 596 389 678 perieulum
421 597 478 657 sibi
512 595 663 675 judiearet
695 597 872 671 imminere,
910 600 1006 662 nniina
1042 616 1044 675 ζ

66 705 248 786 praesidinm
264 722 332 762 esse
353 703 529 762 sentiebat·
520 720 552 759 sn
572 701 710 761 omnibns
731 701 848 775 literis,
880 706 935 766 sari
954 724 1006 767 ars
1042 716 1044 729 '

66 813 211 872 amabat
231 809 325 868 omnis
346 806 490 880 eruditio,
519 810 550 864 nt
575 805 708 866 studium
730 805 810 867 iiiud
830 810 939 899 ingens
956 813 1007 890 pii·
1042 822 1045 887 ζ

40 917 229 1011 ‘'iosnphiaa.
259 913 339 972 idem
349 912 540 972 Demostheni
560 908 1006 995 sociditinpientidntipatrnn.

68 1024 102 1083 in
130 1037 260 1091 summa,
296 1020 395 1077 omnia
424 1014 594 1095 hujusmodi
622 1016 758 1096 a‘xempis
780 1017 899 1079 donent
922 1038 1007 1079 verim

68 1150 150 1199 esse,
170 1124 251 1204 qrrod
272 1124 411 1183 Salomon
433 1122 519 1181 dicit:
548 1121 627 1192 „Qui
649 1120 759 1182 exaltat
781 1122 909 1184 domun
930 1142 1007 1185 snam

68 1236 186 1314 quaerit
206 1231 351 1290 ruinam.“
393 1236 395 1243 '

152 1338 213 1398 Sed
234 1338 291 1395 hoc
312 1334 400 1401 auiiei
414 1332 508 1392 nostri
522 1350 580 1391 uon
594 1327 814 1415 omdnnt?⁸).··
842 1332 1008 1399 Queruntur

66 1444 202 1507 adhiberi
238 1442 277 1500 ad
309 1441 479 1519 principum
507 1437 627 1516 negotia
655 1438 821 1517 scriptores
855 1440 924 1515 (sie
944 1440 1008 1500 enin

66 1550 223 1632 appeliant
250 1546 417 1622 eruditos),
455 1543 638 1615 nobilitatem
667 1550 766 1602 autem
793 1545 919 1624 negligi.
960 1544 1009 1604 Sei

67 1640 136 1720 eum
158 1654 215 1734 ipsi
236 1651 274 1712 ad
296 1651 414 1729 negotia
435 1649 631 1719 adhibentur,
652 1650 695 1708 sic
716 1666 753 1710 ea
772 1650 963 1728 gubernant,
983 1655 1009 1709 ni

65 1769 211 1839 tanquam
231 1772 338 1818 currus
365 1756 395 1812 in
418 1750 510 1811 altum
531 1772 654 1812 coenum
676 1752 833 1813 demersus
855 1774 1011 1832 nequem

66 1868 157 1928 trahi
169 1884 224 1925 neo
244 1861 409 1941 promoveri
430 1860 534 1938 possit.
577 1858 671 1917 Recte
685 1862 716 1917 et
727 1857 823 1936 juste
868 1860 1010 1921 Ourania

68 1973 229 2039 conantur,
258 1967 338 2044 quod
367 1976 424 2024 uon
453 1968 580 2044 possunt
599 1963 777 2049 praestaret
821 1964 912 2027 Haec
933 1984 1011 2028 musa

69 2085 131 2146 esi,
152 2090 206 2132 cur
226 2072 288 2130 iere
309 2070 434 2148 imperia
455 2068 527 2128 nihii
548 2070 608 2128 sint
629 2085 717 2144 qnam
733 2070 845 2130 ruinae·
858 2073 1009 2132 etesedaa

68 2181 145 2246 tinia
169 2183 231 2248 esi,
253 2178 302 2253 qui
326 2176 351 2233 si
373 2173 531 2252 diiigenter
546 2156 847 2249 administrationem,
871 2197 952 2254 qnae
965 2178 1012 2238 sni

68 2287 173 2365 primis
193 2283 365 2343 caesaribus
385 2280 450 2350 init,
472 2279 648 2349 consideret,
670 2277 717 2336 sei
738 2297 832 2338 unum
856 2281 936 2341 diem
954 2301 1012 2341 eon·

68 2386 177 2454 sistere
198 2406 287 2468 posse
315 2385 472 2464 imperinm
493 2383 657 2442 Romanum
679 2384 787 2462 puteti
833 2385 924 2446 sieut
945 2388 1011 2446 enim

65 2498 173 2559 Livius
194 2495 281 2561 dieii,
302 2508 399 2565 neque
418 2489 489 2548 viiia
510 2507 566 2546 nee
585 2488 716 2546 remedia
737 2505 792 2547 sua
808 2489 1013 2550 rideturierra

67 2622 168 2685 posse,
190 2600 243 2660 sed
263 2595 436 2672 simpliciter
457 2592 533 2651 moie
554 2610 609 2651 sua
630 2610 727 2663 ruere,
751 2595 832 2672 sicut
852 2596 1013 2656 aedificia·

69 2709 158 2768 nimis
179 2703 281 2764 eitum.

67 2834 71 2841 ·
156 2808 216 2871 Sed
238 2806 326 2881 louge
347 2801 416 2880 plus
438 2801 564 2880 periculi
586 2811 640 2871 est,
663 2819 730 2859 cum
751 2802 783 2859 in
803 2802 952 2884 reiigione
971 2806 1016 2865 iro

68 2919 165 2976 mines
187 2912 279 2971 elatos
296 2905 397 2968 oeulos
418 2907 547 2980 habent,
564 2911 595 2966 et
615 2906 814 2966 ambulantia
833 2910 1016 2971 mirabilibus

70 3034 164 3100 super
185 3038 232 3088 se,
263 3016 319 3073 hoe
341 3017 401 3085 esi,
437 3031 504 3072 eum
533 3014 588 3072 sibi
615 3010 736 3091 placent
762 3014 799 3073 ob
819 3016 1017 3086 sanctitatem,

69 3118 108 3187 ae
136 3125 275 3183 ridentur
303 3118 358 3177 sibi
388 3116 494 3177 sedere
519 3118 548 3174 iu
578 3117 645 3175 sinn
666 3117 738 3190 Dei,
757 3122 800 3179 'et
820 3124 924 3181 tamen
953 3119 1017 3180 ninii

70 3234 183 3293 norunt
201 3228 238 3285 de
258 3224 468 3304 propitiatione
491 3226 521 3280 et
541 3222 715 3282 remissione
734 3229 949 3304 peccatorum,
970 3224 1018 3287 aad

71 3334 246 3415 simpliciter
278 3329 420 3389 incedunt
449 3330 477 3386 in
507 3329 569 3386 suis
592 3329 748 3407 operibus,
780 3329 863 3405 quod
881 3330 1018 3409 jejunant

70 3442 118 3501 iiis
136 3440 167 3498 in
181 3437 319 3506 sabbato,
361 3433 441 3512 qnod
470 3433 542 3492 dani
570 3431 715 3503 decimas,
758 3433 840 3509 quod
872 3434 1019 3497 non‘snnt

70 3575 281 3594 ο--ῌ

144 3644 195 3712 lt)
217 3642 306 3697 Aniiei
326 3641 436 3704 nobiies
456 3640 589 3725 imperiti.

253 3970 341 3988 *
388 3972 400 3987 Ι
