<?xml version="1.0" encoding="UTF-8"?>
<!DOCTYPE html PUBLIC "-//W3C//DTD XHTML 1.0 Transitional//EN"
    "http://www.w3.org/TR/xhtml1/DTD/xhtml1-transitional.dtd">
<html xmlns="http://www.w3.org/1999/xhtml" xml:lang="en" lang="en">
 <head>
  <title>
</title>
<meta http-equiv="Content-Type" content="text/html;charset=utf-8" />
  <meta name='ocr-system' content='tesseract 3.04.00' />
  <meta name='ocr-capabilities' content='ocr_page ocr_carea ocr_par ocr_line ocrx_word'/>
</head>
<body>
  <div class='ocr_page' id='page_1' title='image "./exegeticaoperal04luthgoog_0219.png"; bbox 0 0 2190 4064; ppageno 0'>
   <div class='ocr_carea' id='block_1_1' title="bbox 71 233 810 309">
    <p class='ocr_par' dir='ltr' id='par_1_1' title="bbox 71 233 810 309">
     <span class='ocr_line' id='line_1_1' title="bbox 71 233 810 309; baseline -0.004 -10"><span class='ocrx_word' id='word_1_1' title='bbox 71 240 133 309; x_wconf 75' lang='lat'>212</span> <span class='ocrx_word' id='word_1_2' title='bbox 397 233 702 297; x_wconf 78' lang='lat' dir='ltr'>Praelastiones</span> <span class='ocrx_word' id='word_1_3' title='bbox 803 262 810 271; x_wconf 69' lang='lat'><strong><em>¹</em></strong></span> 
     </span>
    </p>
   </div>
   <div class='ocr_carea' id='block_1_2' title="bbox 71 364 1009 468">
    <p class='ocr_par' dir='ltr' id='par_1_2' title="bbox 71 364 1009 468">
     <span class='ocr_line' id='line_1_2' title="bbox 71 364 1009 468; baseline 0.004 -21"><span class='ocrx_word' id='word_1_4' title='bbox 71 388 197 468; x_wconf 78' lang='lat' dir='ltr'>gloriam</span> <span class='ocrx_word' id='word_1_5' title='bbox 226 364 256 445; x_wconf 86' lang='lat' dir='ltr'>in</span> <span class='ocrx_word' id='word_1_6' title='bbox 284 384 377 446; x_wconf 89' lang='lat' dir='ltr'>oculis</span> <span class='ocrx_word' id='word_1_7' title='bbox 405 384 470 445; x_wconf 85' lang='lat' dir='ltr'>Dei.</span> <span class='ocrx_word' id='word_1_8' title='bbox 513 385 579 446; x_wconf 91' lang='lat' dir='ltr'>Hoc</span> <span class='ocrx_word' id='word_1_9' title='bbox 607 393 654 447; x_wconf 86' lang='lat' dir='ltr'>est</span> <span class='ocrx_word' id='word_1_10' title='bbox 682 370 749 448; x_wconf 80' lang='lat' dir='ltr'>fidoi</span> <span class='ocrx_word' id='word_1_11' title='bbox 774 390 942 468; x_wconf 83' lang='lat' dir='ltr'>judicium,</span> <span class='ocrx_word' id='word_1_12' title='bbox 970 396 1009 453; x_wconf 82' lang='lat' dir='ltr'>etr</span> 
     </span>
    </p>
   </div>
   <div class='ocr_carea' id='block_1_3' title="bbox 30 485 1008 3757">
    <p class='ocr_par' dir='ltr' id='par_1_3' title="bbox 70 485 1008 1367">
     <span class='ocr_line' id='line_1_3' title="bbox 74 485 1008 556; baseline 0.004 -9"><span class='ocrx_word' id='word_1_13' title='bbox 74 506 142 547; x_wconf 84' lang='lat' dir='ltr'>caro</span> <span class='ocrx_word' id='word_1_14' title='bbox 159 487 245 545; x_wconf 90' lang='lat' dir='ltr'>aliter</span> <span class='ocrx_word' id='word_1_15' title='bbox 259 487 358 556; x_wconf 81' lang='lat' dir='ltr'><strong>sentit,</strong></span> <span class='ocrx_word' id='word_1_16' title='bbox 380 485 434 544; x_wconf 80' lang='lat' dir='ltr'>sed</span> <span class='ocrx_word' id='word_1_17' title='bbox 448 506 483 544; x_wconf 83' lang='lat' dir='ltr'>ex</span> <span class='ocrx_word' id='word_1_18' title='bbox 502 506 593 547; x_wconf 88' lang='lat' dir='ltr'>sensu</span> <span class='ocrx_word' id='word_1_19' title='bbox 608 490 778 548; x_wconf 77' lang='lat' dir='ltr'>carnis‘non</span> <span class='ocrx_word' id='word_1_20' title='bbox 793 496 841 549; x_wconf 88' lang='lat' dir='ltr'>est</span> <span class='ocrx_word' id='word_1_21' title='bbox 856 491 1008 551; x_wconf 84' lang='lat' dir='ltr'>laciendnr</span> 
     </span>
     <span class='ocr_line' id='line_1_4' title="bbox 70 570 1008 669; baseline 0.007 -25"><span class='ocrx_word' id='word_1_22' title='bbox 70 587 225 665; x_wconf 80' lang='lat' dir='ltr'>judicium.</span> <span class='ocrx_word' id='word_1_23' title='bbox 269 584 420 649; x_wconf 71' lang='lat' dir='ltr'>tinorsnm</span> <span class='ocrx_word' id='word_1_24' title='bbox 441 588 518 669; x_wconf 80' lang='lat' dir='ltr'>eninr</span> <span class='ocrx_word' id='word_1_25' title='bbox 539 590 703 667; x_wconf 68' lang='lat' dir='ltr'><strong>pertineret</strong></span> <span class='ocrx_word' id='word_1_26' title='bbox 725 588 862 647; x_wconf 85' lang='lat' dir='ltr'>doctrina</span> <span class='ocrx_word' id='word_1_27' title='bbox 882 570 973 661; x_wconf 66' lang='lat' dir='ltr'>corbi,</span> <span class='ocrx_word' id='word_1_28' title='bbox 994 610 1008 651; x_wconf 82' lang='lat' dir='ltr'>e</span> 
     </span>
     <span class='ocr_line' id='line_1_5' title="bbox 73 685 1008 767; baseline 0.005 -23"><span class='ocrx_word' id='word_1_29' title='bbox 73 685 243 764; x_wconf 85' lang='lat' dir='ltr'>hujusmodi</span> <span class='ocrx_word' id='word_1_30' title='bbox 266 686 483 745; x_wconf 77' lang='lat' dir='ltr'><strong>exhortationes</strong></span> <span class='ocrx_word' id='word_1_31' title='bbox 505 692 536 745; x_wconf 86' lang='lat' dir='ltr'>et</span> <span class='ocrx_word' id='word_1_32' title='bbox 550 688 782 765; x_wconf 82' lang='lat' dir='ltr'>promissionest</span> <span class='ocrx_word' id='word_1_33' title='bbox 804 689 901 767; x_wconf 78' lang='lat' dir='ltr'>lgitur</span> <span class='ocrx_word' id='word_1_34' title='bbox 915 690 1008 749; x_wconf 78' lang='lat' dir='ltr'>malm</span> 
     </span>
     <span class='ocr_line' id='line_1_6' title="bbox 74 783 1007 865; baseline 0.001 -21"><span class='ocrx_word' id='word_1_35' title='bbox 74 790 120 845; x_wconf 86' lang='lat' dir='ltr'>est</span> <span class='ocrx_word' id='word_1_36' title='bbox 141 783 373 865; x_wconf 65' lang='lat' dir='ltr'>conueniendum</span> <span class='ocrx_word' id='word_1_37' title='bbox 394 786 425 842; x_wconf 94' lang='lat' dir='ltr'>in</span> <span class='ocrx_word' id='word_1_38' title='bbox 445 785 571 856; x_wconf 91' lang='lat' dir='ltr'>bonum,</span> <span class='ocrx_word' id='word_1_39' title='bbox 601 801 631 844; x_wconf 86' lang='lat' dir='ltr'>et</span> <span class='ocrx_word' id='word_1_40' title='bbox 652 788 704 844; x_wconf 91' lang='lat' dir='ltr'>ubi</span> <span class='ocrx_word' id='word_1_41' title='bbox 728 805 797 846; x_wconf 89' lang='lat' dir='ltr'>caro</span> <span class='ocrx_word' id='word_1_42' title='bbox 819 789 971 853; x_wconf 83' lang='lat' dir='ltr'>concludit</span> <span class='ocrx_word' id='word_1_43' title='bbox 989 808 1007 849; x_wconf 67' lang='lat' dir='ltr'>sa</span> 
     </span>
     <span class='ocr_line' id='line_1_7' title="bbox 74 884 1007 960; baseline 0.004 -17"><span class='ocrx_word' id='word_1_44' title='bbox 74 884 139 943; x_wconf 83' lang='lat' dir='ltr'>(lari</span> <span class='ocrx_word' id='word_1_45' title='bbox 163 884 296 960; x_wconf 74' lang='lat' dir='ltr'>quotidie</span> <span class='ocrx_word' id='word_1_46' title='bbox 311 888 340 943; x_wconf 93' lang='lat' dir='ltr'>in</span> <span class='ocrx_word' id='word_1_47' title='bbox 355 885 606 944; x_wconf 81' lang='lat' dir='ltr'>conculcationem</span> <span class='ocrx_word' id='word_1_48' title='bbox 621 885 684 957; x_wconf 90' lang='lat' dir='ltr'>luti,</span> <span class='ocrx_word' id='word_1_49' title='bbox 705 888 745 944; x_wconf 92' lang='lat' dir='ltr'>ibi</span> <span class='ocrx_word' id='word_1_50' title='bbox 769 886 844 947; x_wconf 84' lang='lat' dir='ltr'>fides</span> <span class='ocrx_word' id='word_1_51' title='bbox 860 888 1007 948; x_wconf 85' lang='lat' dir='ltr'>secundun</span> 
     </span>
     <span class='ocr_line' id='line_1_8' title="bbox 73 966 1007 1061; baseline 0.003 -18"><span class='ocrx_word' id='word_1_52' title='bbox 73 966 198 1043; x_wconf 82' lang='lat' dir='ltr'>verbum</span> <span class='ocrx_word' id='word_1_53' title='bbox 234 988 432 1061; x_wconf 88' lang='lat' dir='ltr'>pronuntiare</span> <span class='ocrx_word' id='word_1_54' title='bbox 460 986 564 1055; x_wconf 79' lang='lat' dir='ltr'>(lebet,</span> <span class='ocrx_word' id='word_1_55' title='bbox 600 987 720 1060; x_wconf 80' lang='lat' dir='ltr'>aequari</span> <span class='ocrx_word' id='word_1_56' title='bbox 750 1006 782 1044; x_wconf 88' lang='lat' dir='ltr'>ss</span> <span class='ocrx_word' id='word_1_57' title='bbox 810 986 870 1046; x_wconf 87' lang='lat' dir='ltr'>lilio</span> <span class='ocrx_word' id='word_1_58' title='bbox 898 986 1007 1059; x_wconf 57' lang='lat' dir='ltr'>Deba</span> 
     </span>
     <span class='ocr_line' id='line_1_9' title="bbox 74 1084 1006 1147; baseline -0.002 -2"><span class='ocrx_word' id='word_1_59' title='bbox 74 1084 252 1145; x_wconf 79' lang='lat' dir='ltr'>conformem</span> <span class='ocrx_word' id='word_1_60' title='bbox 288 1084 351 1143; x_wconf 89' lang='lat' dir='ltr'>fieri</span> <span class='ocrx_word' id='word_1_61' title='bbox 383 1084 511 1144; x_wconf 85' lang='lat' dir='ltr'>Christo.</span> <span class='ocrx_word' id='word_1_62' title='bbox 556 1084 714 1144; x_wconf 62' lang='lat' dir='ltr'>(trudanda</span> <span class='ocrx_word' id='word_1_63' title='bbox 742 1086 818 1145; x_wconf 88' lang='lat' dir='ltr'>enim</span> <span class='ocrx_word' id='word_1_64' title='bbox 853 1092 928 1147; x_wconf 80' lang='lat' dir='ltr'>sunt·</span> <span class='ocrx_word' id='word_1_65' title='bbox 949 1086 1006 1143; x_wconf 82' lang='lat' dir='ltr'>baec</span> 
     </span>
     <span class='ocr_line' id='line_1_10' title="bbox 73 1182 1006 1259; baseline 0.001 -17"><span class='ocrx_word' id='word_1_66' title='bbox 73 1187 215 1259; x_wconf 87' lang='lat' dir='ltr'>tanquam</span> <span class='ocrx_word' id='word_1_67' title='bbox 238 1183 396 1251; x_wconf 83' lang='lat' dir='ltr'>invisibilia</span> <span class='ocrx_word' id='word_1_68' title='bbox 417 1188 447 1243; x_wconf 87' lang='lat' dir='ltr'>et</span> <span class='ocrx_word' id='word_1_69' title='bbox 476 1184 565 1243; x_wconf 83' lang='lat' dir='ltr'>etiam</span> <span class='ocrx_word' id='word_1_70' title='bbox 592 1185 789 1256; x_wconf 82' lang='lat' dir='ltr'>insensibilia,</span> <span class='ocrx_word' id='word_1_71' title='bbox 819 1205 880 1245; x_wconf 90' lang='lat' dir='ltr'>non</span> <span class='ocrx_word' id='word_1_72' title='bbox 899 1182 1006 1245; x_wconf 78' lang='lat' dir='ltr'>videnda</span> 
     </span>
     <span class='ocr_line' id='line_1_11' title="bbox 74 1282 916 1367; baseline -0.004 -25"><span class='ocrx_word' id='word_1_73' title='bbox 74 1288 106 1343; x_wconf 86' lang='lat' dir='ltr'>et</span> <span class='ocrx_word' id='word_1_74' title='bbox 128 1282 294 1343; x_wconf 84' lang='lat' dir='ltr'>sentienda.</span> <span class='ocrx_word' id='word_1_75' title='bbox 337 1356 340 1362; x_wconf 87' lang='lat'><em>.</em></span> <span class='ocrx_word' id='word_1_76' title='bbox 849 1350 857 1367; x_wconf 38' lang='grc' dir='ltr'><strong><em>ι</em></strong></span> <span class='ocrx_word' id='word_1_77' title='bbox 913 1284 916 1288; x_wconf 86' lang='grc'><strong>’</strong></span> 
     </span>
    </p>

    <p class='ocr_par' dir='ltr' id='par_1_4' title="bbox 30 1382 1005 3157">
     <span class='ocr_line' id='line_1_12' title="bbox 156 1382 1005 1461; baseline 0.004 -21"><span class='ocrx_word' id='word_1_78' title='bbox 156 1382 217 1448; x_wconf 78' lang='lat' dir='ltr'>aui</span> <span class='ocrx_word' id='word_1_79' title='bbox 239 1389 337 1443; x_wconf 85' lang='lat' dir='ltr'>autem</span> <span class='ocrx_word' id='word_1_80' title='bbox 359 1401 418 1442; x_wconf 93' lang='lat' dir='ltr'>non</span> <span class='ocrx_word' id='word_1_81' title='bbox 438 1382 543 1443; x_wconf 80' lang='lat' dir='ltr'>volunt</span> <span class='ocrx_word' id='word_1_82' title='bbox 565 1384 696 1454; x_wconf 85' lang='lat' dir='ltr'>credere,</span> <span class='ocrx_word' id='word_1_83' title='bbox 718 1384 773 1443; x_wconf 85' lang='lat' dir='ltr'>scd</span> <span class='ocrx_word' id='word_1_84' title='bbox 795 1384 878 1461; x_wconf 72' lang='lat' dir='ltr'>sebui</span> <span class='ocrx_word' id='word_1_85' title='bbox 895 1382 1005 1444; x_wconf 74' lang='lat' dir='ltr'>sensnm</span> 
     </span>
     <span class='ocr_line' id='line_1_13' title="bbox 46 1468 1005 1570; baseline -0.001 -26"><span class='ocrx_word' id='word_1_86' title='bbox 46 1468 49 1474; x_wconf 37' lang='lat'>⁵</span> <span class='ocrx_word' id='word_1_87' title='bbox 73 1485 104 1544; x_wconf 90' lang='lat' dir='ltr'>hi</span> <span class='ocrx_word' id='word_1_88' title='bbox 125 1488 270 1570; x_wconf 81' lang='lat' dir='ltr'>punctum</span> <span class='ocrx_word' id='word_1_89' title='bbox 292 1484 403 1563; x_wconf 68' lang='lat' dir='ltr'>gloriae</span> <span class='ocrx_word' id='word_1_90' title='bbox 424 1487 455 1542; x_wconf 86' lang='lat' dir='ltr'>et</span> <span class='ocrx_word' id='word_1_91' title='bbox 476 1482 649 1542; x_wconf 86' lang='lat' dir='ltr'>deliciarum</span> <span class='ocrx_word' id='word_1_92' title='bbox 668 1482 758 1562; x_wconf 88' lang='lat' dir='ltr'>hujus</span> <span class='ocrx_word' id='word_1_93' title='bbox 780 1486 883 1543; x_wconf 89' lang='lat' dir='ltr'>mnndi</span> <span class='ocrx_word' id='word_1_94' title='bbox 898 1483 1005 1562; x_wconf 68' lang='lat' dir='ltr'>angue</span> 
     </span>
     <span class='ocr_line' id='line_1_14' title="bbox 77 1583 1004 1664; baseline -0.004 -21"><span class='ocrx_word' id='word_1_95' title='bbox 77 1585 139 1643; x_wconf 85' lang='lat' dir='ltr'>Sed</span> <span class='ocrx_word' id='word_1_96' title='bbox 158 1586 247 1661; x_wconf 69' lang='lat' dir='ltr'>qulam</span> <span class='ocrx_word' id='word_1_97' title='bbox 270 1586 378 1643; x_wconf 87' lang='lat' dir='ltr'>misera</span> <span class='ocrx_word' id='word_1_98' title='bbox 399 1602 501 1642; x_wconf 90' lang='lat' dir='ltr'>eorum</span> <span class='ocrx_word' id='word_1_99' title='bbox 524 1584 581 1643; x_wconf 88' lang='lat' dir='ltr'>erit</span> <span class='ocrx_word' id='word_1_100' title='bbox 603 1583 746 1655; x_wconf 82' lang='lat' dir='ltr'>conditio,</span> <span class='ocrx_word' id='word_1_101' title='bbox 777 1603 844 1643; x_wconf 91' lang='lat' dir='ltr'>cum</span> <span class='ocrx_word' id='word_1_102' title='bbox 865 1588 1004 1664; x_wconf 70' lang='lat' dir='ltr'>postne</span> 
     </span>
     <span class='ocr_line' id='line_1_15' title="bbox 74 1680 1004 1762; baseline -0.009 -17"><span class='ocrx_word' id='word_1_103' title='bbox 74 1689 207 1746; x_wconf 87' lang='lat' dir='ltr'>mentum</span> <span class='ocrx_word' id='word_1_104' title='bbox 242 1684 318 1743; x_wconf 83' lang='lat' dir='ltr'>illud</span> <span class='ocrx_word' id='word_1_105' title='bbox 353 1685 502 1743; x_wconf 81' lang='lat' dir='ltr'>vanissimi</span> <span class='ocrx_word' id='word_1_106' title='bbox 520 1683 639 1762; x_wconf 80' lang='lat' dir='ltr'>¹gaudii</span> <span class='ocrx_word' id='word_1_107' title='bbox 672 1684 856 1762; x_wconf 74' lang='lat' dir='ltr'>excipientur</span> <span class='ocrx_word' id='word_1_108' title='bbox 894 1680 1004 1743; x_wconf 77' lang='lat' dir='ltr'>ostona</span> 
     </span>
     <span class='ocr_line' id='line_1_16' title="bbox 75 1783 1004 1858; baseline -0.005 -14"><span class='ocrx_word' id='word_1_109' title='bbox 75 1784 227 1844; x_wconf 84' lang='lat' dir='ltr'>doloribus</span> <span class='ocrx_word' id='word_1_110' title='bbox 249 1788 279 1843; x_wconf 86' lang='lat' dir='ltr'>et</span> <span class='ocrx_word' id='word_1_111' title='bbox 299 1783 458 1858; x_wconf 87' lang='lat' dir='ltr'>lacrymist</span> <span class='ocrx_word' id='word_1_112' title='bbox 481 1784 601 1848; x_wconf 77' lang='lat' dir='ltr'>uuanto</span> <span class='ocrx_word' id='word_1_113' title='bbox 624 1785 690 1843; x_wconf 87' lang='lat' dir='ltr'>erat</span> <span class='ocrx_word' id='word_1_114' title='bbox 703 1784 809 1843; x_wconf 89' lang='lat' dir='ltr'>melius</span> <span class='ocrx_word' id='word_1_115' title='bbox 829 1802 896 1843; x_wconf 92' lang='lat' dir='ltr'>cum</span> <span class='ocrx_word' id='word_1_116' title='bbox 910 1784 1004 1842; x_wconf 74' lang='lat' dir='ltr'>lazar·</span> 
     </span>
     <span class='ocr_line' id='line_1_17' title="bbox 75 1876 1003 1962; baseline -0.005 -20"><span class='ocrx_word' id='word_1_117' title='bbox 75 1888 233 1962; x_wconf 78' lang='lat' dir='ltr'>aegrotare</span> <span class='ocrx_word' id='word_1_118' title='bbox 254 1887 285 1942; x_wconf 86' lang='lat' dir='ltr'>ot</span> <span class='ocrx_word' id='word_1_119' title='bbox 306 1902 394 1961; x_wconf 78' lang='lat' dir='ltr'>cgere</span> <span class='ocrx_word' id='word_1_120' title='bbox 416 1883 456 1941; x_wconf 88' lang='lat' dir='ltr'>ad</span> <span class='ocrx_word' id='word_1_121' title='bbox 475 1884 639 1955; x_wconf 88' lang='lat' dir='ltr'>modicam,</span> <span class='ocrx_word' id='word_1_122' title='bbox 668 1902 754 1959; x_wconf 89' lang='lat' dir='ltr'>quam</span> <span class='ocrx_word' id='word_1_123' title='bbox 777 1902 844 1942; x_wconf 89' lang='lat' dir='ltr'>cnm</span> <span class='ocrx_word' id='word_1_124' title='bbox 867 1884 952 1942; x_wconf 82' lang='lat' dir='ltr'>divite</span> <span class='ocrx_word' id='word_1_125' title='bbox 966 1876 1003 1937; x_wconf 76' lang='lat' dir='ltr'>ab</span> 
     </span>
     <span class='ocr_line' id='line_1_18' title="bbox 76 1981 1003 2057; baseline -0.001 -15"><span class='ocrx_word' id='word_1_126' title='bbox 76 1982 238 2057; x_wconf 84' lang='lat' dir='ltr'>abundare,</span> <span class='ocrx_word' id='word_1_127' title='bbox 261 1987 290 2040; x_wconf 84' lang='lat' dir='ltr'>et</span> <span class='ocrx_word' id='word_1_128' title='bbox 311 1983 379 2040; x_wconf 86' lang='lat' dir='ltr'>istic</span> <span class='ocrx_word' id='word_1_129' title='bbox 399 1984 532 2057; x_wconf 85' lang='lat' dir='ltr'>torqueri</span> <span class='ocrx_word' id='word_1_130' title='bbox 552 1985 583 2041; x_wconf 92' lang='lat' dir='ltr'>in</span> <span class='ocrx_word' id='word_1_131' title='bbox 597 1988 718 2043; x_wconf 83' lang='lat' dir='ltr'>aeterna</span> <span class='ocrx_word' id='word_1_132' title='bbox 731 1981 870 2041; x_wconf 82' lang='lat' dir='ltr'>ssanrmat</span> <span class='ocrx_word' id='word_1_133' title='bbox 891 1981 1003 2041; x_wconf 73' lang='lat' dir='ltr'>Potane</span> 
     </span>
     <span class='ocr_line' id='line_1_19' title="bbox 75 2080 1002 2160; baseline 0.001 -20"><span class='ocrx_word' id='word_1_134' title='bbox 75 2083 168 2160; x_wconf 77' lang='lat' dir='ltr'>igitur</span> <span class='ocrx_word' id='word_1_135' title='bbox 188 2081 264 2139; x_wconf 87' lang='lat' dir='ltr'>hacc</span> <span class='ocrx_word' id='word_1_136' title='bbox 292 2080 428 2139; x_wconf 88' lang='lat' dir='ltr'>doctrina</span> <span class='ocrx_word' id='word_1_137' title='bbox 455 2080 495 2138; x_wconf 88' lang='lat' dir='ltr'>ad</span> <span class='ocrx_word' id='word_1_138' title='bbox 522 2099 589 2151; x_wconf 90' lang='lat' dir='ltr'>cos,</span> <span class='ocrx_word' id='word_1_139' title='bbox 619 2085 669 2158; x_wconf 90' lang='lat' dir='ltr'>qui</span> <span class='ocrx_word' id='word_1_140' title='bbox 695 2082 818 2142; x_wconf 86' lang='lat' dir='ltr'>credere</span> <span class='ocrx_word' id='word_1_141' title='bbox 848 2083 959 2151; x_wconf 83' lang='lat' dir='ltr'>volunt,</span> <span class='ocrx_word' id='word_1_142' title='bbox 980 2090 1002 2131; x_wconf 70' lang='grc' dir='ltr'><strong>θ</strong></span> 
     </span>
     <span class='ocr_line' id='line_1_20' title="bbox 76 2180 1002 2262; baseline -0.003 -24"><span class='ocrx_word' id='word_1_143' title='bbox 76 2198 136 2240; x_wconf 90' lang='lat' dir='ltr'>non</span> <span class='ocrx_word' id='word_1_144' title='bbox 160 2180 280 2251; x_wconf 86' lang='lat' dir='ltr'>sentire,</span> <span class='ocrx_word' id='word_1_145' title='bbox 302 2185 337 2239; x_wconf 89' lang='lat' dir='ltr'>ut</span> <span class='ocrx_word' id='word_1_146' title='bbox 358 2180 543 2259; x_wconf 76' lang='lat' dir='ltr'>distinguant</span> <span class='ocrx_word' id='word_1_147' title='bbox 564 2181 641 2240; x_wconf 89' lang='lat' dir='ltr'>inter</span> <span class='ocrx_word' id='word_1_148' title='bbox 656 2183 791 2262; x_wconf 79' lang='lat' dir='ltr'>pericula</span> <span class='ocrx_word' id='word_1_149' title='bbox 805 2200 860 2241; x_wconf 86' lang='lat' dir='ltr'>sua</span> <span class='ocrx_word' id='word_1_150' title='bbox 876 2188 907 2241; x_wconf 89' lang='lat' dir='ltr'>et</span> <span class='ocrx_word' id='word_1_151' title='bbox 919 2181 1002 2243; x_wconf 77' lang='lat' dir='ltr'>bern</span> 
     </span>
     <span class='ocr_line' id='line_1_21' title="bbox 30 2262 1002 2359; baseline -0.002 -20"><span class='ocrx_word' id='word_1_152' title='bbox 30 2268 33 2273; x_wconf 38' lang='lat'><strong>⁹</strong></span> <span class='ocrx_word' id='word_1_153' title='bbox 76 2284 107 2339; x_wconf 85' lang='lat' dir='ltr'>ot</span> <span class='ocrx_word' id='word_1_154' title='bbox 128 2283 162 2338; x_wconf 89' lang='lat' dir='ltr'>ut</span> <span class='ocrx_word' id='word_1_155' title='bbox 184 2278 284 2338; x_wconf 89' lang='lat' dir='ltr'>oculos</span> <span class='ocrx_word' id='word_1_156' title='bbox 307 2299 366 2339; x_wconf 91' lang='lat' dir='ltr'>non</span> <span class='ocrx_word' id='word_1_157' title='bbox 385 2275 502 2340; x_wconf 84' lang='lat' dir='ltr'>tantum</span> <span class='ocrx_word' id='word_1_158' title='bbox 524 2280 654 2359; x_wconf 71' lang='lat' dir='ltr'>deligant</span> <span class='ocrx_word' id='word_1_159' title='bbox 675 2283 705 2340; x_wconf 93' lang='lat' dir='ltr'>in</span> <span class='ocrx_word' id='word_1_160' title='bbox 727 2262 924 2341; x_wconf 76' lang='lat' dir='ltr'>calamitatem</span> <span class='ocrx_word' id='word_1_161' title='bbox 936 2288 1002 2359; x_wconf 64' lang='lat' dir='ltr'>prati</span> 
     </span>
     <span class='ocr_line' id='line_1_22' title="bbox 77 2374 998 2467; baseline -0.008 -26"><span class='ocrx_word' id='word_1_162' title='bbox 77 2384 207 2453; x_wconf 85' lang='lat' dir='ltr'>sontem,</span> <span class='ocrx_word' id='word_1_163' title='bbox 229 2379 283 2439; x_wconf 84' lang='lat' dir='ltr'>scd</span> <span class='ocrx_word' id='word_1_164' title='bbox 304 2380 403 2467; x_wconf 69' lang='lat' dir='ltr'>lerant</span> <span class='ocrx_word' id='word_1_165' title='bbox 425 2380 464 2445; x_wconf 85' lang='lat' dir='ltr'>ad</span> <span class='ocrx_word' id='word_1_166' title='bbox 491 2380 630 2439; x_wconf 79' lang='lat' dir='ltr'>auxilium</span> <span class='ocrx_word' id='word_1_167' title='bbox 652 2382 797 2441; x_wconf 80' lang='lat' dir='ltr'>invisibile</span> <span class='ocrx_word' id='word_1_168' title='bbox 819 2386 849 2442; x_wconf 86' lang='lat' dir='ltr'>ot</span> <span class='ocrx_word' id='word_1_169' title='bbox 878 2381 908 2440; x_wconf 92' lang='lat' dir='ltr'>in</span> <span class='ocrx_word' id='word_1_170' title='bbox 934 2374 998 2438; x_wconf 78' lang='lat' dir='ltr'>verb</span> 
     </span>
     <span class='ocr_line' id='line_1_23' title="bbox 74 2470 1001 2561; baseline -0.005 -21"><span class='ocrx_word' id='word_1_171' title='bbox 74 2482 264 2561; x_wconf 86' lang='lat' dir='ltr'>promissum.</span> <span class='ocrx_word' id='word_1_172' title='bbox 292 2480 366 2538; x_wconf 84' lang='lat' dir='ltr'>Nam</span> <span class='ocrx_word' id='word_1_173' title='bbox 379 2480 514 2560; x_wconf 83' lang='lat' dir='ltr'>pericula</span> <span class='ocrx_word' id='word_1_174' title='bbox 527 2478 586 2551; x_wconf 88' lang='lat' dir='ltr'>illa,</span> <span class='ocrx_word' id='word_1_175' title='bbox 609 2481 717 2556; x_wconf 88' lang='lat' dir='ltr'>quibus</span> <span class='ocrx_word' id='word_1_176' title='bbox 731 2480 888 2541; x_wconf 86' lang='lat' dir='ltr'>credentes</span> <span class='ocrx_word' id='word_1_177' title='bbox 901 2470 1001 2558; x_wconf 81' lang='lat' dir='ltr'>exposll</span> 
     </span>
     <span class='ocr_line' id='line_1_24' title="bbox 77 2572 1001 2662; baseline -0.005 -22"><span class='ocrx_word' id='word_1_178' title='bbox 77 2584 163 2651; x_wconf 87' lang='lat' dir='ltr'>sunt,</span> <span class='ocrx_word' id='word_1_179' title='bbox 185 2592 257 2662; x_wconf 83' lang='lat' dir='ltr'>sane</span> <span class='ocrx_word' id='word_1_180' title='bbox 277 2584 395 2640; x_wconf 84' lang='lat' dir='ltr'>movent</span> <span class='ocrx_word' id='word_1_181' title='bbox 414 2572 536 2661; x_wconf 79' lang='lat' dir='ltr'>perlem,</span> <span class='ocrx_word' id='word_1_182' title='bbox 558 2580 612 2640; x_wconf 73' lang='lat' dir='ltr'>soal</span> <span class='ocrx_word' id='word_1_183' title='bbox 631 2580 812 2651; x_wconf 66' lang='lat' dir='ltr'>fidcstacit,</span> <span class='ocrx_word' id='word_1_184' title='bbox 835 2584 872 2639; x_wconf 84' lang='lat' dir='ltr'>ut</span> <span class='ocrx_word' id='word_1_185' title='bbox 892 2599 943 2660; x_wconf 90' lang='lat' dir='ltr'>pes</span> <span class='ocrx_word' id='word_1_186' title='bbox 961 2582 1001 2635; x_wconf 81' lang='lat'>11⁰¹</span> 
     </span>
     <span class='ocr_line' id='line_1_25' title="bbox 76 2679 1001 2759; baseline -0.002 -20"><span class='ocrx_word' id='word_1_187' title='bbox 76 2683 231 2739; x_wconf 85' lang='lat' dir='ltr'>moveatur</span> <span class='ocrx_word' id='word_1_188' title='bbox 252 2679 289 2738; x_wconf 85' lang='lat' dir='ltr'>ad</span> <span class='ocrx_word' id='word_1_189' title='bbox 311 2680 437 2759; x_wconf 87' lang='lat' dir='ltr'>lapsum,</span> <span class='ocrx_word' id='word_1_190' title='bbox 459 2682 567 2742; x_wconf 88' lang='lat' dir='ltr'>sedat</span> <span class='ocrx_word' id='word_1_191' title='bbox 588 2682 671 2757; x_wconf 86' lang='lat' dir='ltr'>quasi</span> <span class='ocrx_word' id='word_1_192' title='bbox 693 2680 896 2740; x_wconf 83' lang='lat' dir='ltr'>transiliamus</span> <span class='ocrx_word' id='word_1_193' title='bbox 918 2682 1001 2753; x_wconf 71' lang='lat' dir='ltr'>scopl¹</span> 
     </span>
     <span class='ocr_line' id='line_1_26' title="bbox 76 2764 1001 2859; baseline -0.008 -19"><span class='ocrx_word' id='word_1_194' title='bbox 76 2779 122 2840; x_wconf 86' lang='lat' dir='ltr'>los</span> <span class='ocrx_word' id='word_1_195' title='bbox 143 2778 211 2839; x_wconf 91' lang='lat' dir='ltr'>illos</span> <span class='ocrx_word' id='word_1_196' title='bbox 231 2780 449 2858; x_wconf 83' lang='lat' dir='ltr'>periculorum,</span> <span class='ocrx_word' id='word_1_197' title='bbox 480 2785 510 2840; x_wconf 87' lang='lat' dir='ltr'>et</span> <span class='ocrx_word' id='word_1_198' title='bbox 532 2781 715 2842; x_wconf 84' lang='lat' dir='ltr'>conlocamus</span> <span class='ocrx_word' id='word_1_199' title='bbox 736 2784 882 2859; x_wconf 90' lang='lat' dir='ltr'>punctum</span> <span class='ocrx_word' id='word_1_200' title='bbox 910 2764 1001 2837; x_wconf 75' lang='lat' dir='ltr'>afflicti</span> 
     </span>
     <span class='ocr_line' id='line_1_27' title="bbox 78 2874 1000 2959; baseline -0.004 -20"><span class='ocrx_word' id='word_1_201' title='bbox 78 2880 143 2939; x_wconf 83' lang='lat' dir='ltr'>onis</span> <span class='ocrx_word' id='word_1_202' title='bbox 165 2898 232 2941; x_wconf 92' lang='lat' dir='ltr'>cum</span> <span class='ocrx_word' id='word_1_203' title='bbox 253 2879 326 2950; x_wconf 87' lang='lat' dir='ltr'>aliis,</span> <span class='ocrx_word' id='word_1_204' title='bbox 349 2898 425 2956; x_wconf 85' lang='lat' dir='ltr'>quae</span> <span class='ocrx_word' id='word_1_205' title='bbox 445 2879 559 2937; x_wconf 84' lang='lat' dir='ltr'>infinita</span> <span class='ocrx_word' id='word_1_206' title='bbox 580 2885 658 2951; x_wconf 86' lang='lat' dir='ltr'>sunt,</span> <span class='ocrx_word' id='word_1_207' title='bbox 680 2882 757 2939; x_wconf 85' lang='lat' dir='ltr'>sicut</span> <span class='ocrx_word' id='word_1_208' title='bbox 778 2883 825 2938; x_wconf 87' lang='lat' dir='ltr'>cst</span> <span class='ocrx_word' id='word_1_209' title='bbox 846 2879 911 2959; x_wconf 88' lang='lat' dir='ltr'>ipso</span> <span class='ocrx_word' id='word_1_210' title='bbox 931 2874 1000 2937; x_wconf 64' lang='lat' dir='ltr'>licut</span> 
     </span>
     <span class='ocr_line' id='line_1_28' title="bbox 78 2968 1000 3061; baseline -0.003 -23"><span class='ocrx_word' id='word_1_211' title='bbox 78 2980 143 3056; x_wconf 87' lang='lat' dir='ltr'>ejus</span> <span class='ocrx_word' id='word_1_212' title='bbox 171 2981 319 3061; x_wconf 87' lang='lat' dir='ltr'>potentia,</span> <span class='ocrx_word' id='word_1_213' title='bbox 345 2968 467 3057; x_wconf 58' lang='lat' dir='ltr'>&#39;gratim</span> <span class='ocrx_word' id='word_1_214' title='bbox 503 2978 630 3054; x_wconf 82' lang='lat' dir='ltr'>denique</span> <span class='ocrx_word' id='word_1_215' title='bbox 667 2984 789 3038; x_wconf 87' lang='lat' dir='ltr'>aeterna</span> <span class='ocrx_word' id='word_1_216' title='bbox 825 2982 901 3051; x_wconf 83' lang='lat' dir='ltr'>rita,</span> <span class='ocrx_word' id='word_1_217' title='bbox 921 2980 1000 3054; x_wconf 70' lang='lat' dir='ltr'>‚qual</span> 
     </span>
     <span class='ocr_line' id='line_1_29' title="bbox 76 3078 659 3157; baseline 0 -21"><span class='ocrx_word' id='word_1_218' title='bbox 76 3079 214 3157; x_wconf 81' lang='lat' dir='ltr'>promisit</span> <span class='ocrx_word' id='word_1_219' title='bbox 235 3078 425 3139; x_wconf 82' lang='lat' dir='ltr'>credentibus</span> <span class='ocrx_word' id='word_1_220' title='bbox 444 3078 476 3136; x_wconf 91' lang='lat' dir='ltr'>in</span> <span class='ocrx_word' id='word_1_221' title='bbox 497 3078 659 3140; x_wconf 80' lang='lat' dir='ltr'>Christum.</span> 
     </span>
    </p>

    <p class='ocr_par' dir='ltr' id='par_1_5' title="bbox 77 3160 999 3757">
     <span class='ocr_line' id='line_1_30' title="bbox 160 3160 999 3248; baseline 0 -13"><span class='ocrx_word' id='word_1_222' title='bbox 160 3177 244 3237; x_wconf 85' lang='lat' dir='ltr'>Haec</span> <span class='ocrx_word' id='word_1_223' title='bbox 266 3179 342 3239; x_wconf 87' lang='lat' dir='ltr'>scire</span> <span class='ocrx_word' id='word_1_224' title='bbox 363 3197 485 3239; x_wconf 87' lang='lat' dir='ltr'>necesse</span> <span class='ocrx_word' id='word_1_225' title='bbox 506 3180 567 3248; x_wconf 87' lang='lat' dir='ltr'>cst,</span> <span class='ocrx_word' id='word_1_226' title='bbox 595 3181 629 3236; x_wconf 92' lang='lat' dir='ltr'>ut</span> <span class='ocrx_word' id='word_1_227' title='bbox 648 3168 700 3237; x_wconf 83' lang='lat' dir='ltr'>nos</span> <span class='ocrx_word' id='word_1_228' title='bbox 725 3182 755 3238; x_wconf 87' lang='lat' dir='ltr'>ct</span> <span class='ocrx_word' id='word_1_229' title='bbox 776 3179 885 3239; x_wconf 88' lang='lat' dir='ltr'>fratres</span> <span class='ocrx_word' id='word_1_230' title='bbox 906 3160 999 3239; x_wconf 80' lang='lat' dir='ltr'>nosir⁰</span> 
     </span>
     <span class='ocr_line' id='line_1_31' title="bbox 78 3276 998 3356; baseline -0.002 -19"><span class='ocrx_word' id='word_1_231' title='bbox 78 3276 279 3349; x_wconf 85' lang='lat' dir='ltr'>consolemur,</span> <span class='ocrx_word' id='word_1_232' title='bbox 303 3278 372 3336; x_wconf 86' lang='lat' dir='ltr'>dnm</span> <span class='ocrx_word' id='word_1_233' title='bbox 394 3280 519 3356; x_wconf 87' lang='lat' dir='ltr'>propter</span> <span class='ocrx_word' id='word_1_234' title='bbox 537 3278 660 3335; x_wconf 77' lang='lat' dir='ltr'>corbum</span> <span class='ocrx_word' id='word_1_235' title='bbox 682 3279 747 3338; x_wconf 90' lang='lat' dir='ltr'>odio</span> <span class='ocrx_word' id='word_1_236' title='bbox 768 3280 928 3351; x_wconf 81' lang='lat' dir='ltr'>habemur,</span> <span class='ocrx_word' id='word_1_237' title='bbox 954 3282 998 3335; x_wconf 70' lang='lat' dir='ltr'>col</span> 
     </span>
     <span class='ocr_line' id='line_1_32' title="bbox 79 3376 998 3455; baseline 0.004 -19"><span class='ocrx_word' id='word_1_238' title='bbox 79 3376 253 3447; x_wconf 81' lang='lat' dir='ltr'>temnimur‚</span> <span class='ocrx_word' id='word_1_239' title='bbox 289 3377 465 3455; x_wconf 86' lang='lat' dir='ltr'>spoliamur,</span> <span class='ocrx_word' id='word_1_240' title='bbox 502 3376 673 3436; x_wconf 88' lang='lat' dir='ltr'>occidimur.</span> <span class='ocrx_word' id='word_1_241' title='bbox 716 3378 749 3435; x_wconf 91' lang='lat' dir='ltr'>ln</span> <span class='ocrx_word' id='word_1_242' title='bbox 778 3379 823 3437; x_wconf 89' lang='lat' dir='ltr'>bis</span> <span class='ocrx_word' id='word_1_243' title='bbox 851 3380 936 3439; x_wconf 86' lang='lat' dir='ltr'>malis</span> <span class='ocrx_word' id='word_1_244' title='bbox 963 3384 998 3449; x_wconf 76' lang='lat'>¹1¹¹</span> 
     </span>
     <span class='ocr_line' id='line_1_33' title="bbox 79 3462 998 3540; baseline -0.002 -3"><span class='ocrx_word' id='word_1_245' title='bbox 79 3476 257 3537; x_wconf 78' lang='lat' dir='ltr'>curremust</span> <span class='ocrx_word' id='word_1_246' title='bbox 285 3477 407 3535; x_wconf 75' lang='lat' dir='ltr'>vincunt</span> <span class='ocrx_word' id='word_1_247' title='bbox 436 3476 515 3535; x_wconf 86' lang='lat' dir='ltr'>enirn</span> <span class='ocrx_word' id='word_1_248' title='bbox 543 3494 658 3535; x_wconf 89' lang='lat' dir='ltr'>omnem</span> <span class='ocrx_word' id='word_1_249' title='bbox 689 3479 830 3537; x_wconf 76' lang='lat' dir='ltr'>virtutem</span> <span class='ocrx_word' id='word_1_250' title='bbox 850 3462 998 3540; x_wconf 70' lang='lat' dir='ltr'>rationisf</span> 
     </span>
     <span class='ocr_line' id='line_1_34' title="bbox 78 3573 997 3647; baseline -0.002 -12"><span class='ocrx_word' id='word_1_251' title='bbox 78 3580 206 3635; x_wconf 83' lang='lat' dir='ltr'>naturae</span> <span class='ocrx_word' id='word_1_252' title='bbox 226 3580 355 3635; x_wconf 88' lang='lat' dir='ltr'>nostrae.</span> <span class='ocrx_word' id='word_1_253' title='bbox 384 3576 453 3635; x_wconf 88' lang='lat' dir='ltr'>Huc</span> <span class='ocrx_word' id='word_1_254' title='bbox 482 3573 603 3647; x_wconf 87' lang='lat' dir='ltr'>scilicet,</span> <span class='ocrx_word' id='word_1_255' title='bbox 625 3577 822 3647; x_wconf 74' lang='lat' dir='ltr'>acclinemus,</span> <span class='ocrx_word' id='word_1_256' title='bbox 844 3578 940 3639; x_wconf 80' lang='lat' dir='ltr'>licum</span> <span class='ocrx_word' id='word_1_257' title='bbox 956 3584 997 3633; x_wconf 68' lang='lat' dir='ltr'>ess</span> 
     </span>
     <span class='ocr_line' id='line_1_35' title="bbox 77 3662 997 3757; baseline -0.003 -21"><span class='ocrx_word' id='word_1_258' title='bbox 77 3676 234 3757; x_wconf 54' lang='lat' dir='ltr'>armonem,</span> <span class='ocrx_word' id='word_1_259' title='bbox 269 3693 357 3754; x_wconf 89' lang='lat' dir='ltr'>quam</span> <span class='ocrx_word' id='word_1_260' title='bbox 395 3678 466 3737; x_wconf 90' lang='lat' dir='ltr'>sunt</span> <span class='ocrx_word' id='word_1_261' title='bbox 502 3662 685 3737; x_wconf 80' lang='lat' dir='ltr'>incommoda</span> <span class='ocrx_word' id='word_1_262' title='bbox 720 3684 837 3750; x_wconf 89' lang='lat' dir='ltr'>nostra,</span> <span class='ocrx_word' id='word_1_263' title='bbox 873 3698 933 3740; x_wconf 89' lang='lat' dir='ltr'>non</span> <span class='ocrx_word' id='word_1_264' title='bbox 957 3668 997 3733; x_wconf 79' lang='lat' dir='ltr'>ilc</span> 
     </span>
    </p>
   </div>
   <div class='ocr_carea' id='block_1_4' title="bbox 0 0 1100 4064">
    <p class='ocr_par' dir='ltr' id='par_1_6' title="bbox 0 0 1100 4064">
     <span class='ocr_line' id='line_1_36' title="bbox 0 0 1100 4064; baseline 0 0"><span class='ocrx_word' id='word_1_265' title='bbox 0 0 1100 4064; x_wconf 95' lang='lat' dir='ltr'> </span> 
     </span>
    </p>
   </div>
   <div class='ocr_carea' id='block_1_5' title="bbox 348 3939 503 4002">
    <p class='ocr_par' dir='ltr' id='par_1_7' title="bbox 348 3939 503 4002">
     <span class='ocr_line' id='line_1_37' title="bbox 348 3939 503 4002; baseline 0.013 -2"><span class='ocrx_word' id='word_1_266' title='bbox 348 3939 432 4000; x_wconf 61' lang='grc' dir='ltr'><em>Α</em></span> <span class='ocrx_word' id='word_1_267' title='bbox 500 3998 503 4002; x_wconf 91' lang='grc'>.</span> 
     </span>
    </p>
   </div>
  </div>
 </body>
</html>
