2204 4058
128 230 190 291 Μ
443 198 781 302 ῚΙΗἫΞῙευΗοιὶοειΙ
889 236 893 243 ’

11 378 35 451 ,’
127 406 200 457 ro,
221 385 275 447 sed
295 384 457 463 quialieos
478 389 651 470 simpliciter
670 392 735 454 ruit
754 396 833 455 orori
845 393 963 469 iubeo,
984 416 1080 475 quen

125 488 193 567 ipse
212 486 317 566 elegit,
343 491 378 546 ut
405 504 506 549 omues
527 492 699 553 arbitrarius
726 492 896 555 devotiones
927 503 961 557 et
979 512 1077 579 rapu

125 587 307 669 prohiberet.

195 688 254 747 Nos
275 688 309 745 iu
333 702 407 745 novo
427 690 604 748 testamento
627 708 730 751 sumus
758 692 876 753 liberati
902 712 922 753 u
951 695 1090 759 vinculo

125 792 312 849 externorum
353 784 499 857 locorum,
541 788 630 849 sieut·
660 791 799 851 Christus
844 786 933 863 dissita
985 796 1076 867 „Erit

123 892 258 967 tempus,
301 903 368 947 eum
399 906 495 969 neque
515 890 544 947 iu
577 890 633 950 boe
663 910 719 951 nee
747 891 799 949 iilo
831 898 931 952 moute
964 894 1075 957 odore·

122 988 232 1048 bubt.“
281 987 339 1047 Est
367 992 465 1048 autem
492 994 594 1050 noster
629 990 792 1070 spiritualis
820 989 904 1051 iooou
924 992 1073 1055 cbristus

17 1080 23 1088 ’
122 1088 227 1158 iesus,
256 1089 326 1164 quia
348 1086 430 1149 Deus
451 1090 605 1149 constituit
625 1109 658 1149 se
678 1090 751 1149 nihil
769 1088 846 1148 reiie
866 1086 989 1163 audire,
1010 1094 1072 1155 uiri

121 1204 178 1267 per
198 1187 286 1257 bunc,
307 1187 470 1247 secundum
492 1187 564 1247 iliud
586 1190 711 1249 Obristi:
752 1188 929 1265 „Quidquid
950 1196 1073 1271 patrem

22 1326 25 1331 -
119 1286 295 1367 rogaveritis
316 1287 347 1343 in
367 1290 483 1347 nomino
503 1294 596 1350 meo.“
626 1289 686 1347 Per
704 1290 784 1348 buno
804 1289 896 1367 igitur
916 1288 1072 1373 offerimus

119 1384 184 1447 lieo
204 1386 311 1445 vituios
342 1385 487 1447 labiorum
513 1392 692 1449 nostrorum.
743 1388 847 1465 Neque
876 1389 956 1448 euim
983 1396 1075 1459 euti-1

113 1486 273 1548 ¹christum
289 1485 450 1563 quidquam
478 1490 533 1559 est,
553 1488 634 1565 quod
649 1484 814 1561 credamus,
835 1482 995 1567 speremus
1013 1498 1072 1553 aut
1085 1474 1101 1559 ¹.

117 1586 320 1667 impetremus.
368 1584 453 1645 liuee
483 1591 531 1647 est
556 1586 730 1667 principalis
758 1592 879 1648 nostroe
909 1586 1079 1653 deebiuee

116 1704 198 1767 pars,
219 1688 312 1766 igitur
330 1685 455 1745 tirmiter
474 1686 602 1746 tenenda
622 1690 676 1747 est.
718 1684 806 1746 Multi
826 1686 918 1759 tuere,
940 1690 994 1765 qui
1014 1708 1068 1751 vo

116 1786 220 1847 iebant
240 1785 304 1846 Deo
322 1784 451 1864 ,plaeere
479 1791 563 1845 extra
591 1786 753 1846 Christum.
799 1787 851 1846 Sie
876 1784 984 1859 Am'us,
1002 1790 1067 1849 etsi

117 1885 237 1946 cbristo
251 1885 431 1943 divinitatem
451 1884 604 1956 adimeret,
615 1890 714 1945 tame'u
726 1884 845 1945 volebat
856 1884 961 1959 rideri,
972 1888 1066 1964 quod

115 1982 242 2043 baberet
262 1984 416 2061 proprium
444 1966 554 2043 Deum,
591 1985 690 2044 Nostri
718 1986 853 2044 monaehi
878 1984 1010 2047 eredunt
1030 1995 1065 2049 s'o

109 2080 180 2143 beo
200 2081 320 2160 placere
332 2099 396 2161 per
413 2076 483 2142 rota
504 2087 535 2142 et
555 2100 625 2142 suas
646 2086 823 2143 monasticas
844 2086 1062 2149 observantior.

114 2180 156 2242 lii
179 2201 278 2241 omnes
301 2183 399 2241 ierant
419 2181 519 2242 oeulos
541 2201 611 2242 suos
631 2202 690 2241 uon
709 2184 749 2242 ad
770 2188 902 2255 montes,
923 2184 1062 2264 adquae

113 2281 212 2344 liarid
241 2284 378 2361 respicit,
409 2282 466 2342 boe
487 2287 547 2354 est,
568 2301 627 2340 non
648 2286 835 2361 spectantia
855 2282 953 2343 solum
974 2286 1072 2347 cort·

114 2388 201 2455 stum,
224 2400 291 2444 eum
313 2388 411 2441 tamen
432 2383 547 2443 sithoc
568 2382 814 2454 constituendum,
837 2382 993 2443 christum
1013 2404 1060 2447 oo·

22 2507 24 2510 ·
112 2482 175 2544 lum
196 2504 262 2544 esse
283 2476 416 2542 nostrum
437 2472 557 2543 unicum
577 2481 689 2552 locum,
718 2485 851 2541 nostrum
872 2484 1007 2563 tempus,
1028 2488 1059 2545 ot

112 2600 213 2641 omues
235 2583 487 2659 circumstantias,
514 2600 591 2659 quae
610 2582 804 2657 requiruntur
825 2580 865 2641 ad
886 2584 1056 2655 orationem,

31 2676 34 2681 ’
110 2686 156 2752 nt,
177 2682 256 2740 sieut
283 2681 389 2739 iudaei
410 2683 523 2741 nulium
553 2683 754 2742 sanctuarium
774 2680 939 2753 habebunt,
968 2701 1056 2760 quom
1081 2708 1085 2725 ·

110 2776 185 2840 iliud
205 2780 438 2851 inHierusoiem,
459 2783 501 2841 ita
521 2800 575 2841 nos
593 2780 833 2857 quoqueuullum
852 2784 1054 2863 sanctuarium
1094 2842 1097 2847 .

110 2878 280 2950 habeamus,
303 2897 390 2956 qoam
410 2880 466 2940 hoe
486 2897 586 2950 uuum,
606 2881 716 2949 iesum,
737 2878 850 2938 Mariae
869 2878 973 2939 filium.
1013 2912 1023 2933 r

192 2977 363 3037 Haemode
386 2979 464 3038 soleo
492 2978 674 3056 respondere
697 2978 734 3037 ad
755 2978 883 3057 priorem
905 2979 1053 3054 quaestio-

109 3076 287 3153 nem,'quod
315 3078 411 3136 David
432 3079 495 3157 tigit
516 3079 678 3137 orationem
710 3077 747 3136 ad
779 3076 876 3136 locum
908 3082 1053 3149 sanetum,

108 3178 302 3236 eorostituium
331 3168 372 3235 ¹'in
413 3176 615 3251 Hierusalem,
656 3178 687 3234 in
733 3194 792 3251 quo
826 3179 891 3234 erat
911 3178 1053 3239 memorio

106 3276 231 3352 mominis
261 3277 332 3348 iiei,
362 3296 450 3353 qriam
476 3279 540 3355 ipse
575 3278 629 3334 sibi
658 3276 777 3333 iecerat.
822 3272 899 3334 dote
925 3276 960 3335 id
978 3280 1053 3337 iem-
1090 3308 1096 3315 ·

105 3396 165 3458 pus
194 3377 293 3435 suerat
313 3378 342 3434 in
366 3378 426 3435 Siio
469 3381 499 3435 et
521 3377 628 3467 Giboa,
669 3376 721 3433 ubi
742 3374 969 3435 tabernaculum
988 3376 1051 3436 iue-
1097 3364 1100 3385 '

105 3482 162 3549 rat.
212 3476 245 3533 ln
266 3476 311 3534 his
343 3475 416 3535 locis
445 3475 584 3534 audiebat
605 3493 726 3554 preces,
760 3468 927 3552 accipiebat
958 3472 1051 3535 saeri-

105 3576 186 3636 iicio:
223 3575 253 3644 iu
294 3576 359 3635 aliie
380 3575 452 3635 iouis
485 3578 585 3661 autem
616 3570 713 3649 neque
743 3586 848 3653 protes
876 3590 933 3633 mee
958 3574 1050 3635 soeri-

99 3674 170 3738 tieio
196 3676 370 3759 aecipiebat.
412 3676 489 3736 Erat
519 3673 663 3739 euimibi
683 3690 742 3733 nou
762 3673 903 3765 memoria
922 3672 1051 3735 uomio’m
1075 3722 1080 3731 .

55 3776 86 3816 Ι,
524 3786 527 3794 .
679 3786 682 3793 ,
